3000 5034
244 581 310 628 rut
352 612 354 620 ,
388 587 393 644 j
643 561 923 632 EPISTOLA
966 610 968 614 »
1007 625 1012 632 .

243 681 383 752 anus
406 681 478 779 agit
498 679 644 753 doctam
665 701 733 781 per
755 680 895 756 Gallica⁴
908 701 1021 783 regna
1040 679 1276 781 phalangem,

242 820 366 913 Regna
389 813 457 887 sibi
478 815 629 888 lustrata
647 816 729 907 diu,
754 820 819 916 qui
835 816 931 891 ferre
951 819 1132 917 priorem,
1256 855 1257 858 ¹

242 952 292 1018 Ut
310 947 517 1044 quondam,
540 949 725 1042 indocilis,
741 951 869 1024 crinali
888 966 926 1024 et
948 967 1115 1050 tempora
1133 949 1238 1022 lauro

243 1079 352 1150 Calva
371 1098 588 1172 coronatus,
609 1084 734 1156 Gallos
756 1085 959 1174 domuisse,
981 1083 1211 1182 triumphum

242 1209 406 1284 Credidit
429 1215 609 1313 insignem
633 1219 771 1312 Caesar,
791 1217 1007 1315 populoque
1029 1186 1185 1315 potenti·

242 1343 425 1414 Virtutem
438 1346 638 1444 ingenitam
649 1362 821 1445 expertus
832 1346 889 1418 bis
901 1349 1067 1445 quinque
1077 1369 1144 1444 per
1153 1367 1290 1433 annos,

240 1475 299 1548 Nil
321 1475 390 1548 sibi
409 1479 651 1568 vincendum,
674 1495 807 1580 praeter
826 1497 882 1571 te,
904 1487 1039 1569 Roma,
1058 1480 1224 1577 putavit.¹

239 1613 348 1682 Nunc
369 1611 499 1708 procul
522 1637 543 1684 a
564 1616 719 1713 strepitu
739 1613 890 1701 lituum,
910 1627 947 1684 et
967 1610 1132 1684 civilibus
1153 1611 1279 1682 armis¹

238 1745 482 1814 Intemeratus
504 1743 644 1833 adhuc,
667 1742 734 1814 tibi
752 1744 940 1843 vectigalia
962 1743 1087 1832 solvit3

237 1876 502 1972 Romanusque
522 1875 634 1949 cliens
657 1878 749 1948 sistit
769 1892 808 1950 te
827 1876 951 1973 judice
968 1873 1100 1965 libros,

238 2005 361 2076 Prodit
382 2005 448 2078 ubi
468 2007 664 2080 historicus
684 2009 824 2082 calamo
842 2008 1024 2108 descripta
1041 2010 1218 2081 venusto³

236 2138 353 2228 Bella,
376 2139 588 2239 triumphali
607 2167 693 2239 ,quae
713 2141 788 2212 dux
808 2139 1013 2213 confecerat
1034 2165 1148 2212 ense:

237 2277 323 2343 Jure
346 2272 496 2369 quidem
519 2275 668 2364 metuit,
690 2299 737 2345 ne
761 2288 798 2344 te
818 2272 978 2345 crudelia
997 2271 1130 2345 laedant

237 2404 415 2492 Vulnera,
437 2408 541 2504 queis
561 2408 647 2479 olim
669 2407 839 2479 laceravit
859 2408 997 2478 viscera
1017 2407 1136 2505 gentis

236 2537 344 2608 Unde
362 2564 478 2637 genus
498 2540 599 2612 ducit
620 2539 782 2639 populus
805 2537 872 2610 tibi
896 2553 1004 2609 natus
1024 2537 1181 2609 amando
1205 2565 1213 2608 :

238 2671 416 2744 Classicus
435 2697 521 2744 ense
538 2673 826 2761 tamen,calamo
839 2696 991 2770 quoque
1006 2670 1200 2762 Classicus,
1212 2669 1313 2744 urbis

235 2805 382 2903 Reginae
405 2807 524 2876 Genio
545 2806 748 2905 impulsus,
768 2803 983 2877 submittere
1006 2805 1130 2876 Gallos

235 2935 372 3009 Debuit
393 2939 578 3036 inprimis,
598 2952 658 3028 ut,
680 2939 817 3010 Brenni
837 2951 947 3036 gente
968 2935 1135 3025 subacta,

145 3054 152 3059 ,
235 3069 342 3141 Ultus
364 3095 451 3142 avos
473 3085 597 3169 posset
616 3073 717 3144 vocis
733 3083 889 3170 pensare
907 3068 1074 3169 superbae

238 3201 513 3302 Opprobrium,
538 3217 575 3276 et
597 3203 706 3302 gladii
728 3201 849 3275 fatalia
870 3201 1037 3302 pondera
1056 3203 1197 3290 victis3t

234 3339 284 3404 Ut
303 3334 447 3406 nullum
468 3337 508 3408 in
527 3337 633 3418 terris
650 3342 775 3410 Rornae
796 3337 930 3408 servire
954 3335 1135 3434 puderet..

234 3475 310 3542 Nec
332 3495 399 3542 vos
421 3471 615 3569 poeniteat,
640 3471 748 3560 Galli,
770 3470 998 3567 indignantia
1015 3469 1078 3539 tali

237 3600 339 3674 Colla
360 3593 633 3704 dedissejug03
651 3629 738 3676 nam
760 3618 898 3690 terras,
920 3625 1068 3700 aerprora
1090 3603 1216 3701 ponti,

235 3741 355 3834 Atque
378 3737 500 3834 ipsum
520 3738 586 3834 qui
607 3750 740 3808 cuncta
759 3759 828 3808 suo
844 3735 941 3832 regit
961 3732 1091 3811 ordine
1112 3733 1228 3806 solem
1236 3735 1261 3823 ,⁵

236 3867 300 3942 Ille
324 3868 393 3940 sibi
410 3867 647 3968 omnipotens
666 3866 830 3940 domitor
850 3887 978 3964 parere
999 3867 1130 3965 coegit.

238 4003 274 4073 Si
292 4026 356 4074 sua
381 4001 479 4076 dona
502 4000 569 4077 tibi
591 4000 776 4099 placeant,
798 4012 887 4070 tunc
907 4000 1032 4075 omnia
1052 4002 1171 4072 Caesar

235 4138 341 4246 Acta,
363 4136 529 4236 nihilque
555 4133 625 4211 sibi
637 4132 793 4211 tandem
810 4131 996 4234 reputabit
1014 4129 1238 4234 agendum.6
