3000 5034
261 429 338 557 lte
416 448 454 542 'o
481 472 626 542 tutu
654 473 893 545 casurus
921 476 1199 550 counitur.

259 605 360 697 pente
380 628 422 691 ex
443 628 483 673 eo
505 604 676 676 locorum
696 608 800 701 copiis
821 602 970 698 recedit3
987 635 1049 681 neo
1071 636 1105 681 se
1124 614 1201 681 satis
1222 613 1332 682 tutnr'n

259 709 331 777 fore
356 710 558 798 arbitratur,
579 715 642 781 nisi
668 714 793 783 llumen
823 717 989 810 Ligerim,
1011 718 1101 811 quod
1133 734 1205 788 erat
1231 735 1334 814 ponte

259 832 398 911 propter
417 819 679 912 magnitudinem
703 822 969 909 transeundum,
990 826 1103 918 copias
1125 825 1332 896 traduxisset

259 923 404 1010 Fabius,
426 927 487 993 etsi
515 926 664 995 nondum
688 929 722 995 in
748 942 965 1023 conspectum
988 946 1126 999 venerat
1148 933 1300 1003 hostibus
1311 922 1334 1021 ⁴,

258 1052 366 1123 neque
380 1054 415 1099 se
433 1056 510 1100 cum
533 1034 675 1103 Caninio
696 1036 935 1129 conjunxerat,
950 1050 1061 1106 tamen
1083 1038 1202 1108 doetus
1217 1039 1259 1107 ab
1279 1041 1335 1126 iis,

258 1137 315 1229 qui
326 1135 477 1206 locorum
495 1155 659 1210 noverant
670 1156 845 1229 naturam,
860 1143 1067 1237 potissimum
1082 1144 1240 1232 credidit,
1255 1146 1333 1215 hos·

258 1257 307 1310 tes
318 1246 515 1337 perterritos
537 1270 613 1315 eum
630 1246 739 1317 locum
752 1302 762 1335 ,
776 1272 875 1342 quem
891 1249 1044 1343 petebat,
1061 1237 1252 1345 petituros⁵.
1267 1256 1334 1320 lta·

257 1373 322 1443 que
341 1375 418 1423 ¹cum
440 1352 543 1445 copiis
557 1352 599 1421 ad
611 1355 766 1423 eumdem
782 1370 919 1449 pontem
935 1357 1122 1445 contendit,
1135 1360 1334 1451 equitaturi-

258 1481 323 1550 que
335 1471 464 1526 tantum
477 1460 659 1556 procedere
668 1476 745 1529 ante
757 1485 877 1555 agmen
886 1464 1028 1557 imperat
1036 1462 1218 1557 legionum,
1227 1489 1332 1559 quan·

168 1586 170 1591 ·
258 1578 442 1658 tumquum
450 1568 676 1659 processisset,
684 1569 755 1637 sine
765 1566 1334 1664 defatigationeequorumineadem

259 1696 295 1739 se
313 1674 476 1765 reciperet
497 1687 615 1742 castra.
639 1675 900 1769 Consequuntur
922 1677 1048 1769 equites
1064 1679 1187 1766 nostri,
1202 1668 1247 1746 ut
1261 1672 1334 1748 erat

259 1793 486 1873 praeceptum,
507 1779 734 1875 invaduntque
756 1784 925 1851 Dumnaci
946 1806 1065 1876 agmen
1086 1808 1094 1850 :
1115 1798 1149 1853 et
1169 1784 1333 1879 fugientes

259 1943 357 1997 Noster
370 1939 430 1995 cod.
451 1940 482 1993 R.
499 1939 592 2009 5763,
612 1951 638 1990 et
651 1939 720 1992 forte
733 1938 773 1990 illi
818 1943 911 1992 ttmros.
928 1939 987 1993 Hoc
1000 1942 1059 1993 loco
1075 1940 1143 1993 mira
1156 1943 1268 1996 varietas
1280 1944 1333 1997 lec·

259 2041 328 2094 quos
340 2022 368 2075 b.
381 2022 399 2074 l.
412 2021 477 2073 citat
489 2017 664 2088 Oudendorp.
674 2018 775 2070 habent
817 2019 913 2087 tionis,
933 2038 1012 2091 quam
1037 2040 1072 2073 ne
1097 2022 1200 2075 notarit
1221 2022 1332 2095 quidem

259 2112 285 2154 et
292 2112 460 2165 romanamet
467 2111 589 2151 externum
599 2101 714 2149 sustinere
722 2098 775 2149 hos·
819 2098 911 2153 Obcrl.
921 2100 1019 2153 Noster
1026 2099 1086 2154 cod.
1097 2104 1129 2154 R.
1143 2103 1230 2173 5763,
1240 2104 1331 2157 Petav.

261 2195 315 2233 tem.
330 2180 399 2235 Cod.
417 2180 510 2251 5764,
522 2192 549 2232 et
562 2179 607 2231 alii
620 2178 711 2249 legunt
727 2196 734 2229 :
750 2190 775 2230 et
818 2178 980 2234 Scaleon.
990 2178 1066 2234 Leid.
1078 2180 1332 2237 Audinetaliimon

260 2281 383 2314 romonum
390 2261 479 2312 bostem
488 2270 513 2310 et
519 2270 641 2310 externum
650 2261 772 2312 sustinere.
817 2278 870 2310 eum
885 2261 961 2312 Ιοοαιη
981 2280 1049 2333 quem
1061 2262 1190 2333 petebant,
1202 2267 1329 2335 petimus.

261 2341 342 2394 Forte
353 2341 466 2394 melius:
480 2358 542 2391 narn
561 2357 686 2391 romanus
699 2356 775 2391 exer·
818 2340 951 2413 corrupte
959 2354 986 2393 et
996 2340 1077 2406 salso,
1090 2342 1142 2394 nisi
1155 2360 1206 2413 pro
1214 2343 1332 2414 petebant

261 2422 329 2475 citus
343 2433 400 2475 erat
412 2420 491 2473 simul
504 2431 627 2491 respectu
642 2419 774 2471 Dumnaci
817 2420 966 2491 reposueris
977 2420 1091 2493 petebat,·
1105 2420 1201 2488 idest,
1217 2422 1331 2479 credidit

259 2514 285 2554 et
297 2502 371 2554 bostis
379 2514 405 2553 et
414 2512 533 2554 externus·
541 2500 594 2552 Vel
606 2498 695 2571 potius
703 2517 775 2570 pone
817 2500 906 2553 hostes
925 2519 981 2553 non
995 2502 1126 2572 petituros
1141 2500 1266 2555 eumdem
1289 2504 1330 2557 lo·

259 2579 775 2641 sehabebstCanininmcastrissuismu·
816 2598 878 2633 cum
897 2599 977 2651 quem
996 2580 1052 2652 ipse
1065 2583 1185 2653 petebat,
1201 2581 1234 2635 ad
1249 2601 1330 2656 quem

258 2661 774 2735 mmmquemwteafrusnaerpugnare
816 2657 957 2725 tendehat,
967 2661 1023 2713 scil.
1040 2680 1117 2715 suum
1132 2679 1273 2715 occursum
1289 2666 1329 2719 vi·

258 2754 420 2807 tentaverat,
433 2753 461 2793 et
481 2753 521 2794 est
542 2757 653 2790 romnus
674 2740 749 2792 lastis
763 2760 774 2801 ,·
816 2752 931 2805 tuturos,
944 2753 970 2793 et
980 2740 1033 2793 hoc
1045 2740 1107 2794 satis
1116 2741 1247 2795 insulsum
1254 2743 1330 2799 vide·

260 2821 357 2874 Fabius
367 2820 401 2873 ad
419 2820 546 2874 auxilium
565 2818 670 2871 Duratii
686 2820 774 2871 venie·
817 2832 869 2886 tur,
876 2833 903 2873 et
911 2820 1074 2874 contrarium
1085 2820 1329 2893 expeditioni.Vul·

258 2901 320 2966 bat3
335 2912 412 2953 otest
423 2911 532 2953 erremus
543 2899 633 2950 bostis:
642 2898 773 2952 Praeterea
815 2912 873 2969 gata
885 2900 983 2973 absque
995 2900 1134 2973 negatione
1148 2920 1155 2954 :
1168 2922 1221 2953 eum
1235 2904 1327 2969 locun,

258 2981 403 3051 cogebatur
414 2984 528 3071 respicere
538 2990 563 3029 et
574 2980 654 3029 timere
670 2978 772 3048 oppeda-
816 2998 884 3051 quem
891 2980 1019 3051 petebant,
1025 2984 1152 3053 petituros
1160 2983 1261 3037 Insulsa
1271 2996 1329 3037 tau·
1330 3051 1336 3059 .

259 3079 316 3122 non·
335 3078 399 3131 ergo
417 3058 468 3122 tria
489 3058 529 3111 illi
555 3071 630 3110 erant
649 3058 772 3111 extimes·
816 3059 928 3131 tologia3
937 3079 992 3121 non
1015 3073 1072 3113 erat
1088 3059 1198 3115 difficile
1220 3062 1329 3119 credere

258 3138 358 3205 nenda,
380 3158 444 3211 ergo
466 3136 565 3191 codicis
592 3138 677 3191 nostri
707 3156 771 3208 pro·
815 3138 903 3192 hostes
918 3140 1048 3211 petituros
1069 3140 1160 3195 locum
1175 3162 1243 3213 quem
1260 3156 1327 3215 pete·

257 3219 415 3273 habiliorem
425 3218 567 3274 lectionem
577 3214 679 3289 judico,
687 3236 772 3289 quum
815 3218 880 3273 bant.
890 3218 1020 3274 Gruterus
1026 3240 1059 3273 ex
1065 3224 1216 3293 conjectura
1224 3236 1328 3279 tanturn

256 3298 327 3356 mhtl
338 3300 463 3356 insulsius
478 3298 545 3351 nubi
557 3296 680 3351 videatur
691 3315 772 3368 quam
814 3300 965 3362 eumlocum,
966 3295 1197 3373 quipctebat(scil.
1206 3302 1327 3374 pontem)

255 3378 343 3433 istud:
354 3391 379 3430 et
390 3396 513 3431 moranum
524 3388 645 3430 aeternum
657 3382 772 3429 sustinere
813 3379 952 3451 petituros.
964 3378 1026 3432 Non
1039 3380 1107 3435 mele
1119 3394 1203 3447 certe
1213 3380 1291 3435 sed
1270 3403 1327 3437 sine

257 3459 353 3511 bostem.
370 3460 500 3514 Nonnulli
510 3443 610 3512 habent
623 3477 675 3529 pro
690 3469 715 3509 et
728 3480 771 3511 ee·
814 3460 977 3513 auctoritate.
998 3460 1051 3513 Atii
1071 3459 1180 3514 demum
1200 3462 1325 3517 Oudend.

257 3552 359 3601 teman,
372 3553 398 3591 et
406 3543 542 3592 excreatum
552 3537 643 3590 Minus
653 3538 729 3590 bene
815 3538 906 3593 Oberl.
914 3536 1008 3592 etedd.
1020 3540 1175 3619 Bipontini·
1187 3561 1240 3594 eum
1251 3544 1327 3595 locum

297 3625 324 3682 4.
338 3620 370 3672 Iu
384 3630 532 3690 conspectum
548 3617 768 3671 venerutlrostibus.
814 3638 881 3689 quem
897 3613 994 3690 (ipse)
1011 3621 1121 3689 petebat,
1139 3623 1265 3691 petituros.
1292 3622 1327 3677 Et

256 3697 324 3753 Cod.
338 3700 472 3752 nosterll.
483 3696 722 3768 5763hechabet‚
730 3699 770 3751 uti
813 3698 1250 3754 huielecrionifirmiteradhaereo:
1258 3702 1327 3774 reip·
1424 3721 1431 3739 ⁸

254 3797 368 3833 maxima
376 3799 438 3851 pars
449 3776 528 3832 codd
535 3776 622 3841 Alii,¹
611 3796 658 3827 mc
646 3790 770 3848 compertu
813 3777 936 3831 saFnbio
953 3798 968 3837 a
983 3778 1128 3833 Bellovacis
1143 3782 1261 3834 venienti
1275 3782 1326 3835 iter

254 3858 510 3920 tosenmtmeratffic
520 3858 665 3928 quoqueR.
676 3857 769 3926 5764:
813 3870 869 3910 erat
880 3877 929 3929 per
941 3858 1107 3926 velocasses,
1113 3861 1240 3914 Aulercos
1252 3861 1326 3915 Ebu·

253 3958 280 4005 m
299 3951 423 4009 conspectu
440 3939 542 3991 bostium
561 3948 668 3989 uenerat.
687 3937 767 3991 Male.
812 3937 1327 4007 roricesetCenomanosetAnindeo·

252 4015 354 4072 Eadem
366 4020 478 4080 varietas
492 4030 550 4070 tum
564 4017 616 4070 hoc
625 4017 769 4088 locustum
812 4036 865 4089 que
873 4017 975 4089 Ligeris
984 4031 1040 4071 erat
1046 4018 1222 4074 transeundus
1231 4022 1325 4093 etqui·

253 4115 277 4150 c.
291 4102 362 4161 8‚et
371 4100 510 4169 l.11‚cap.
524 4100 609 4169 17‚in
622 4098 768 4159 eastra,rel
812 4095 874 4151 dem
898 4116 966 4169 pons
985 4117 1065 4170 super
1084 4098 1233 4154 eumdem:
1256 4102 1325 4153 bene

252 4180 378 4244 {reason
392 4191 505 4240 venerat,
521 4190 548 4230 et
562 4177 626 4230 alibi
640 4178 746 4251 passim.
811 4176 892 4249 igitur
909 4197 961 4231 eum
981 4179 1058 4231 Iocum
1073 4199 1141 4252 quem
1161 4176 1325 4253 preparetur

296 4257 320 4311 5.
336 4260 403 4312 Eum
419 4259 510 4319 mum,
524 4276 592 4332 mem
604 4256 715 4337 petebat,
724 4278 767 4328 pe·
807 4261 932 4328 petituros,
945 4257 1000 4313 scil.
1015 4269 1134 4331 pontem.
