<?xml version="1.0" encoding="UTF-8"?>
<!DOCTYPE html PUBLIC "-//W3C//DTD XHTML 1.0 Transitional//EN"
    "http://www.w3.org/TR/xhtml1/DTD/xhtml1-transitional.dtd">
<html xmlns="http://www.w3.org/1999/xhtml" xml:lang="en" lang="en">
 <head>
  <title>
</title>
<meta http-equiv="Content-Type" content="text/html;charset=utf-8" />
  <meta name='ocr-system' content='tesseract 3.04.00' />
  <meta name='ocr-capabilities' content='ocr_page ocr_carea ocr_par ocr_line ocrx_word'/>
</head>
<body>
  <div class='ocr_page' id='page_1' title='image "./caiusjuliuscsar00caesgoog_0441.png"; bbox 0 0 3000 5034; ppageno 0'>
   <div class='ocr_carea' id='block_1_1' title="bbox 306 443 1105 541">
    <p class='ocr_par' dir='ltr' id='par_1_1' title="bbox 306 443 1105 541">
     <span class='ocr_line' id='line_1_1' title="bbox 306 443 1105 541; baseline -0.01 -16"><span class='ocrx_word' id='word_1_1' title='bbox 306 459 391 541; x_wconf 61' lang='lat'>4⁰0.</span> <span class='ocrx_word' id='word_1_2' title='bbox 560 448 787 522; x_wconf 86' lang='lat' dir='ltr'>HENRIGI</span> <span class='ocrx_word' id='word_1_3' title='bbox 815 443 1105 519; x_wconf 87' lang='lat' dir='ltr'>DODWELLI</span> 
     </span>
    </p>
   </div>
   <div class='ocr_carea' id='block_1_2' title="bbox 303 571 1387 1851">
    <p class='ocr_par' dir='ltr' id='par_1_2' title="bbox 303 571 1387 1851">
     <span class='ocr_line' id='line_1_2' title="bbox 303 571 1385 681; baseline -0.008 -26"><span class='ocrx_word' id='word_1_4' title='bbox 303 583 548 681; x_wconf 86' lang='lat' dir='ltr'>comparandos</span> <span class='ocrx_word' id='word_1_5' title='bbox 578 583 803 679; x_wconf 88' lang='lat' dir='ltr'>superioribus</span> <span class='ocrx_word' id='word_1_6' title='bbox 832 597 931 676; x_wconf 90' lang='lat' dir='ltr'>atque</span> <span class='ocrx_word' id='word_1_7' title='bbox 961 571 1209 676; x_wconf 88' lang='lat' dir='ltr'>insequentibus</span> <span class='ocrx_word' id='word_1_8' title='bbox 1242 577 1385 647; x_wconf 74' lang='lat' dir='ltr'>Caesaris</span> 
     </span>
     <span class='ocr_line' id='line_1_3' title="bbox 306 685 1385 786; baseline -0.01 -24"><span class='ocrx_word' id='word_1_9' title='bbox 306 694 446 786; x_wconf 77' lang='lat' dir='ltr'>scriptis.</span> <span class='ocrx_word' id='word_1_10' title='bbox 469 694 514 760; x_wconf 91' lang='lat' dir='ltr'>Hi</span> <span class='ocrx_word' id='word_1_11' title='bbox 531 688 838 759; x_wconf 76' lang='lat' dir='ltr'>commentarii-alii</span> <span class='ocrx_word' id='word_1_12' title='bbox 859 710 1017 758; x_wconf 88' lang='lat' dir='ltr'>essenon</span> <span class='ocrx_word' id='word_1_13' title='bbox 1037 700 1194 783; x_wconf 88' lang='lat' dir='ltr'>poterant</span> <span class='ocrx_word' id='word_1_14' title='bbox 1214 685 1256 753; x_wconf 90' lang='lat' dir='ltr'>ab</span> <span class='ocrx_word' id='word_1_15' title='bbox 1277 685 1385 772; x_wconf 81' lang='lat' dir='ltr'>VIII,</span> 
     </span>
     <span class='ocr_line' id='line_1_4' title="bbox 304 788 1384 894; baseline -0.008 -27"><span class='ocrx_word' id='word_1_16' title='bbox 304 801 362 894; x_wconf 87' lang='lat' dir='ltr'>qui</span> <span class='ocrx_word' id='word_1_17' title='bbox 375 798 555 892; x_wconf 83' lang='lat' dir='ltr'>Prologum</span> <span class='ocrx_word' id='word_1_18' title='bbox 568 799 720 893; x_wconf 78' lang='lat' dir='ltr'>proxime</span> <span class='ocrx_word' id='word_1_19' title='bbox 732 796 935 890; x_wconf 75' lang='lat' dir='ltr'>excipiebat,</span> <span class='ocrx_word' id='word_1_20' title='bbox 945 792 1022 865; x_wconf 90' lang='lat' dir='ltr'>belli</span> <span class='ocrx_word' id='word_1_21' title='bbox 1040 792 1148 889; x_wconf 81' lang='lat' dir='ltr'>gallici</span> <span class='ocrx_word' id='word_1_22' title='bbox 1160 788 1245 861; x_wconf 90' lang='lat' dir='ltr'>libro</span> <span class='ocrx_word' id='word_1_23' title='bbox 1253 847 1262 880; x_wconf 91' lang='lat'>‚</span> <span class='ocrx_word' id='word_1_24' title='bbox 1271 790 1384 861; x_wconf 90' lang='lat' dir='ltr'>medio</span> 
     </span>
     <span class='ocr_line' id='line_1_5' title="bbox 305 902 1387 999; baseline -0.008 -26"><span class='ocrx_word' id='word_1_25' title='bbox 305 906 464 973; x_wconf 87' lang='lat' dir='ltr'>nimirum</span> <span class='ocrx_word' id='word_1_26' title='bbox 491 907 578 974; x_wconf 85' lang='lat' dir='ltr'>inter</span> <span class='ocrx_word' id='word_1_27' title='bbox 608 902 709 972; x_wconf 85' lang='lat' dir='ltr'>libros</span> <span class='ocrx_word' id='word_1_28' title='bbox 742 902 851 999; x_wconf 81' lang='lat' dir='ltr'>gallici</span> <span class='ocrx_word' id='word_1_29' title='bbox 879 902 956 971; x_wconf 89' lang='lat' dir='ltr'>belli</span> <span class='ocrx_word' id='word_1_30' title='bbox 986 902 1136 997; x_wconf 84' lang='lat' dir='ltr'>priores,</span> <span class='ocrx_word' id='word_1_31' title='bbox 1162 922 1246 993; x_wconf 89' lang='lat' dir='ltr'>quos</span> <span class='ocrx_word' id='word_1_32' title='bbox 1270 910 1387 968; x_wconf 84' lang='lat' dir='ltr'>censet</span> 
     </span>
     <span class='ocr_line' id='line_1_6' title="bbox 306 1004 1384 1105; baseline -0.01 -24"><span class='ocrx_word' id='word_1_33' title='bbox 306 1014 515 1105; x_wconf 79' lang='lat' dir='ltr'>superiores,</span> <span class='ocrx_word' id='word_1_34' title='bbox 532 1025 567 1080; x_wconf 91' lang='lat' dir='ltr'>et</span> <span class='ocrx_word' id='word_1_35' title='bbox 588 1008 689 1079; x_wconf 86' lang='lat' dir='ltr'>libros</span> <span class='ocrx_word' id='word_1_36' title='bbox 709 1005 788 1078; x_wconf 88' lang='lat' dir='ltr'>belli</span> <span class='ocrx_word' id='word_1_37' title='bbox 810 1007 933 1098; x_wconf 90' lang='lat' dir='ltr'>civilis,</span> <span class='ocrx_word' id='word_1_38' title='bbox 955 1028 1038 1103; x_wconf 89' lang='lat' dir='ltr'>quos</span> <span class='ocrx_word' id='word_1_39' title='bbox 1060 1029 1123 1101; x_wconf 93' lang='lat' dir='ltr'>pro</span> <span class='ocrx_word' id='word_1_40' title='bbox 1145 1007 1274 1101; x_wconf 91' lang='lat' dir='ltr'>scriptis</span> <span class='ocrx_word' id='word_1_41' title='bbox 1296 1004 1384 1097; x_wconf 87' lang='lat' dir='ltr'>ejus·</span> 
     </span>
     <span class='ocr_line' id='line_1_7' title="bbox 306 1113 1385 1210; baseline -0.009 -23"><span class='ocrx_word' id='word_1_42' title='bbox 306 1117 383 1187; x_wconf 91' lang='lat' dir='ltr'>dem</span> <span class='ocrx_word' id='word_1_43' title='bbox 406 1119 546 1188; x_wconf 86' lang='lat' dir='ltr'>Caesaris</span> <span class='ocrx_word' id='word_1_44' title='bbox 567 1117 669 1186; x_wconf 88' lang='lat' dir='ltr'>habet</span> <span class='ocrx_word' id='word_1_45' title='bbox 691 1116 949 1210; x_wconf 80' lang='lat' dir='ltr'>insequentibus.</span> <span class='ocrx_word' id='word_1_46' title='bbox 970 1116 1025 1185; x_wconf 87' lang='lat' dir='ltr'>Sic</span> <span class='ocrx_word' id='word_1_47' title='bbox 1047 1113 1130 1183; x_wconf 90' lang='lat' dir='ltr'>nihil</span> <span class='ocrx_word' id='word_1_48' title='bbox 1147 1113 1292 1199; x_wconf 89' lang='lat' dir='ltr'>babent,</span> <span class='ocrx_word' id='word_1_49' title='bbox 1315 1134 1385 1205; x_wconf 92' lang='lat' dir='ltr'>quo</span> 
     </span>
     <span class='ocr_line' id='line_1_8' title="bbox 306 1220 1386 1322; baseline -0.007 -29"><span class='ocrx_word' id='word_1_50' title='bbox 306 1249 342 1293; x_wconf 85' lang='lat' dir='ltr'>se</span> <span class='ocrx_word' id='word_1_51' title='bbox 359 1239 516 1293; x_wconf 90' lang='lat' dir='ltr'>tueantur</span> <span class='ocrx_word' id='word_1_52' title='bbox 533 1227 560 1292; x_wconf 85' lang='lat' dir='ltr'><strong>F</strong></span> <span class='ocrx_word' id='word_1_53' title='bbox 560 1223 686 1293; x_wconf 88' lang='lat' dir='ltr'>loridus</span> <span class='ocrx_word' id='word_1_54' title='bbox 704 1223 847 1291; x_wconf 86' lang='lat' dir='ltr'>Sabinus</span> <span class='ocrx_word' id='word_1_55' title='bbox 863 1236 898 1289; x_wconf 87' lang='lat' dir='ltr'>et</span> <span class='ocrx_word' id='word_1_56' title='bbox 914 1222 1107 1322; x_wconf 84' lang='lat' dir='ltr'>Ludpvicus</span> <span class='ocrx_word' id='word_1_57' title='bbox 1130 1220 1258 1288; x_wconf 81' lang='lat' dir='ltr'>Carrio.</span> <span class='ocrx_word' id='word_1_58' title='bbox 1282 1220 1386 1285; x_wconf 89' lang='lat' dir='ltr'>Hunc</span> 
     </span>
     <span class='ocr_line' id='line_1_9' title="bbox 305 1326 1387 1421; baseline -0.008 -22"><span class='ocrx_word' id='word_1_59' title='bbox 305 1329 428 1399; x_wconf 86' lang='lat' dir='ltr'>librum</span> <span class='ocrx_word' id='word_1_60' title='bbox 440 1356 475 1400; x_wconf 86' lang='lat' dir='ltr'>se</span> <span class='ocrx_word' id='word_1_61' title='bbox 487 1332 694 1400; x_wconf 85' lang='lat' dir='ltr'>contexuisse</span> <span class='ocrx_word' id='word_1_62' title='bbox 715 1343 855 1398; x_wconf 89' lang='lat' dir='ltr'>testatur</span> <span class='ocrx_word' id='word_1_63' title='bbox 877 1330 1004 1399; x_wconf 79' lang='lat' dir='ltr'>Hirtius</span> <span class='ocrx_word' id='word_1_64' title='bbox 1019 1326 1180 1421; x_wconf 87' lang='lat' dir='ltr'>:proinde</span> <span class='ocrx_word' id='word_1_65' title='bbox 1198 1326 1267 1419; x_wconf 87' lang='lat' dir='ltr'>jam</span> <span class='ocrx_word' id='word_1_66' title='bbox 1284 1338 1387 1391; x_wconf 86' lang='lat' dir='ltr'>antea</span> 
     </span>
     <span class='ocr_line' id='line_1_10' title="bbox 304 1431 1385 1532; baseline -0.007 -27"><span class='ocrx_word' id='word_1_67' title='bbox 304 1440 467 1532; x_wconf 84' lang='lat' dir='ltr'>scriptum</span> <span class='ocrx_word' id='word_1_68' title='bbox 480 1492 490 1525; x_wconf 94' lang='lat'>,</span> <span class='ocrx_word' id='word_1_69' title='bbox 503 1453 541 1507; x_wconf 64' lang='lat' dir='ltr'>&#39;et</span> <span class='ocrx_word' id='word_1_70' title='bbox 557 1436 668 1505; x_wconf 90' lang='lat' dir='ltr'>medio</span> <span class='ocrx_word' id='word_1_71' title='bbox 686 1451 799 1504; x_wconf 89' lang='lat' dir='ltr'>tamen</span> <span class='ocrx_word' id='word_1_72' title='bbox 818 1433 894 1523; x_wconf 93' lang='lat' dir='ltr'>illo,</span> <span class='ocrx_word' id='word_1_73' title='bbox 914 1459 1013 1529; x_wconf 90' lang='lat' dir='ltr'>quem</span> <span class='ocrx_word' id='word_1_74' title='bbox 1035 1434 1123 1521; x_wconf 85' lang='lat' dir='ltr'>dixi,</span> <span class='ocrx_word' id='word_1_75' title='bbox 1144 1432 1218 1501; x_wconf 87' lang='lat' dir='ltr'>loco</span> <span class='ocrx_word' id='word_1_76' title='bbox 1241 1431 1385 1525; x_wconf 89' lang='lat' dir='ltr'>disposi-</span> 
     </span>
     <span class='ocr_line' id='line_1_11' title="bbox 306 1529 1385 1637; baseline -0.007 -26"><span class='ocrx_word' id='word_1_77' title='bbox 306 1556 387 1611; x_wconf 86' lang='lat' dir='ltr'>tum</span> <span class='ocrx_word' id='word_1_78' title='bbox 406 1548 487 1613; x_wconf 82' lang='lat' dir='ltr'>Haec</span> <span class='ocrx_word' id='word_1_79' title='bbox 507 1550 586 1613; x_wconf 84' lang='lat' dir='ltr'>erat&#39;</span> <span class='ocrx_word' id='word_1_80' title='bbox 595 1545 753 1611; x_wconf 88' lang='lat' dir='ltr'>nimirum</span> <span class='ocrx_word' id='word_1_81' title='bbox 770 1544 969 1637; x_wconf 85' lang='lat' dir='ltr'>scriptorum</span> <span class='ocrx_word' id='word_1_82' title='bbox 986 1542 1126 1611; x_wconf 83' lang='lat' dir='ltr'>Caesaris</span> <span class='ocrx_word' id='word_1_83' title='bbox 1146 1529 1286 1633; x_wconf 81' lang='lat' dir='ltr'>digestio</span> <span class='ocrx_word' id='word_1_84' title='bbox 1308 1534 1385 1623; x_wconf 93' lang='lat' dir='ltr'>illa,</span> 
     </span>
     <span class='ocr_line' id='line_1_12' title="bbox 305 1647 1385 1744; baseline -0.004 -27"><span class='ocrx_word' id='word_1_85' title='bbox 305 1650 348 1717; x_wconf 89' lang='lat' dir='ltr'>de</span> <span class='ocrx_word' id='word_1_86' title='bbox 371 1676 439 1744; x_wconf 78' lang='lat' dir='ltr'>qua</span> <span class='ocrx_word' id='word_1_87' title='bbox 465 1650 613 1744; x_wconf 87' lang='lat' dir='ltr'>loquitur</span> <span class='ocrx_word' id='word_1_88' title='bbox 637 1664 773 1737; x_wconf 88' lang='lat' dir='ltr'>noster,</span> <span class='ocrx_word' id='word_1_89' title='bbox 793 1664 844 1718; x_wconf 88' lang='lat' dir='ltr'>tot</span> <span class='ocrx_word' id='word_1_90' title='bbox 870 1647 997 1719; x_wconf 84' lang='lat' dir='ltr'>saecutis</span> <span class='ocrx_word' id='word_1_91' title='bbox 1025 1648 1212 1733; x_wconf 85' lang='lat' dir='ltr'>recentior,</span> <span class='ocrx_word' id='word_1_92' title='bbox 1235 1666 1385 1738; x_wconf 81' lang='lat' dir='ltr'>quasue</span> 
     </span>
     <span class='ocr_line' id='line_1_13' title="bbox 306 1751 1383 1851; baseline -0.008 -26"><span class='ocrx_word' id='word_1_93' title='bbox 306 1758 437 1850; x_wconf 88' lang='lat' dir='ltr'>scriptis</span> <span class='ocrx_word' id='word_1_94' title='bbox 458 1759 561 1851; x_wconf 90' lang='lat' dir='ltr'>ipsius</span> <span class='ocrx_word' id='word_1_95' title='bbox 587 1754 728 1826; x_wconf 80' lang='lat' dir='ltr'>Caesaris</span> <span class='ocrx_word' id='word_1_96' title='bbox 753 1756 862 1825; x_wconf 91' lang='lat' dir='ltr'>media</span> <span class='ocrx_word' id='word_1_97' title='bbox 887 1756 1058 1824; x_wconf 84' lang='lat' dir='ltr'>contexuit</span> <span class='ocrx_word' id='word_1_98' title='bbox 1080 1778 1213 1822; x_wconf 84' lang='lat' dir='ltr'>coaevus</span> <span class='ocrx_word' id='word_1_99' title='bbox 1241 1751 1383 1819; x_wconf 85' lang='lat' dir='ltr'>Hirtius.</span> 
     </span>
    </p>
   </div>
   <div class='ocr_carea' id='block_1_3' title="bbox 180 1856 1384 1933">
    <p class='ocr_par' dir='ltr' id='par_1_3' title="bbox 180 1856 1384 1933">
     <span class='ocr_line' id='line_1_14' title="bbox 180 1856 1384 1933; baseline -0.007 0"><span class='ocrx_word' id='word_1_100' title='bbox 180 1928 184 1933; x_wconf 77' lang='grc'>,</span> <span class='ocrx_word' id='word_1_101' title='bbox 304 1864 429 1933; x_wconf 86' lang='lat' dir='ltr'>Noster</span> <span class='ocrx_word' id='word_1_102' title='bbox 448 1865 548 1932; x_wconf 89' lang='lat' dir='ltr'>etiam</span> <span class='ocrx_word' id='word_1_103' title='bbox 574 1862 680 1931; x_wconf 84' lang='lat' dir='ltr'>editos</span> <span class='ocrx_word' id='word_1_104' title='bbox 700 1864 735 1930; x_wconf 93' lang='lat' dir='ltr'>in</span> <span class='ocrx_word' id='word_1_105' title='bbox 758 1861 866 1931; x_wconf 89' lang='lat' dir='ltr'>lucem</span> <span class='ocrx_word' id='word_1_106' title='bbox 888 1861 989 1931; x_wconf 91' lang='lat' dir='ltr'>libros</span> <span class='ocrx_word' id='word_1_107' title='bbox 1018 1862 1158 1931; x_wconf 83' lang='lat' dir='ltr'>Caesaris</span> <span class='ocrx_word' id='word_1_108' title='bbox 1177 1872 1319 1927; x_wconf 87' lang='lat' dir='ltr'>testatur</span> <span class='ocrx_word' id='word_1_109' title='bbox 1342 1856 1384 1925; x_wconf 90' lang='lat' dir='ltr'>ab</span> 
     </span>
    </p>
   </div>
   <div class='ocr_carea' id='block_1_4' title="bbox 300 1964 1387 4197">
    <p class='ocr_par' dir='ltr' id='par_1_4' title="bbox 300 1964 1387 3769">
     <span class='ocr_line' id='line_1_15' title="bbox 304 1964 1387 2063; baseline -0.006 -26"><span class='ocrx_word' id='word_1_110' title='bbox 304 1967 398 2057; x_wconf 89' lang='lat' dir='ltr'>aliis,</span> <span class='ocrx_word' id='word_1_111' title='bbox 416 1972 473 2063; x_wconf 89' lang='lat' dir='ltr'>qui</span> <span class='ocrx_word' id='word_1_112' title='bbox 491 1970 590 2037; x_wconf 80' lang='lat' dir='ltr'>rebus</span> <span class='ocrx_word' id='word_1_113' title='bbox 612 1970 691 2063; x_wconf 89' lang='lat' dir='ltr'>ipsis</span> <span class='ocrx_word' id='word_1_114' title='bbox 711 1968 939 2037; x_wconf 82' lang='lat' dir='ltr'>interfuerant.</span> <span class='ocrx_word' id='word_1_115' title='bbox 962 1967 1063 2039; x_wconf 91' lang='lat' dir='ltr'>Unde</span> <span class='ocrx_word' id='word_1_116' title='bbox 1084 1964 1175 2036; x_wconf 76' lang='lat' dir='ltr'>hoc?</span> <span class='ocrx_word' id='word_1_117' title='bbox 1191 1968 1324 2059; x_wconf 88' lang='lat' dir='ltr'>Nempe</span> <span class='ocrx_word' id='word_1_118' title='bbox 1346 1986 1387 2030; x_wconf 83' lang='lat' dir='ltr'>ex</span> 
     </span>
     <span class='ocr_line' id='line_1_16' title="bbox 304 2074 1386 2170; baseline -0.004 -27"><span class='ocrx_word' id='word_1_119' title='bbox 304 2074 368 2143; x_wconf 91' lang='lat' dir='ltr'>illis</span> <span class='ocrx_word' id='word_1_120' title='bbox 390 2074 523 2170; x_wconf 81' lang='lat' dir='ltr'>Prologi</span> <span class='ocrx_word' id='word_1_121' title='bbox 543 2075 654 2167; x_wconf 85' lang='lat' dir='ltr'>verbis</span> <span class='ocrx_word' id='word_1_122' title='bbox 670 2100 678 2143; x_wconf 76' lang='grc' dir='ltr'><em>τ</em></span> <span class='ocrx_word' id='word_1_123' title='bbox 692 2080 755 2169; x_wconf 76' lang='lat' dir='ltr'>qui</span> <span class='ocrx_word' id='word_1_124' title='bbox 766 2092 849 2143; x_wconf 85' lang='lat' dir='ltr'>sunt</span> <span class='ocrx_word' id='word_1_125' title='bbox 867 2074 967 2163; x_wconf 79' lang='lat' dir='ltr'>editi,</span> <span class='ocrx_word' id='word_1_126' title='bbox 983 2077 1185 2143; x_wconf 82' lang='lat' dir='ltr'>nescientia</span> <span class='ocrx_word' id='word_1_127' title='bbox 1205 2086 1386 2140; x_wconf 82' lang='lat' dir='ltr'>tantarum</span> 
     </span>
     <span class='ocr_line' id='line_1_17' title="bbox 300 2176 1386 2277; baseline -0.006 -27"><span class='ocrx_word' id='word_1_128' title='bbox 300 2187 416 2250; x_wconf 76' lang='lat' dir='ltr'>rerum</span> <span class='ocrx_word' id='word_1_129' title='bbox 427 2180 649 2277; x_wconf 60' lang='lat' dir='ltr'>seruatoribus</span> <span class='ocrx_word' id='word_1_130' title='bbox 658 2180 799 2251; x_wconf 75' lang='lat' dir='ltr'>deesset.</span> <span class='ocrx_word' id='word_1_131' title='bbox 817 2182 882 2250; x_wconf 90' lang='lat' dir='ltr'>Sed</span> <span class='ocrx_word' id='word_1_132' title='bbox 895 2206 1070 2277; x_wconf 88' lang='lat' dir='ltr'>perperam</span> <span class='ocrx_word' id='word_1_133' title='bbox 1081 2195 1195 2249; x_wconf 88' lang='lat' dir='ltr'>noster</span> <span class='ocrx_word' id='word_1_134' title='bbox 1205 2176 1386 2264; x_wconf 81' lang='lat' dir='ltr'>intellexit,</span> 
     </span>
     <span class='ocr_line' id='line_1_18' title="bbox 305 2285 1385 2383; baseline -0.005 -27"><span class='ocrx_word' id='word_1_135' title='bbox 305 2289 332 2355; x_wconf 92' lang='lat' dir='ltr'>si</span> <span class='ocrx_word' id='word_1_136' title='bbox 360 2295 433 2356; x_wconf 80' lang='lat' dir='ltr'>&#39;turn</span> <span class='ocrx_word' id='word_1_137' title='bbox 459 2291 604 2383; x_wconf 89' lang='lat' dir='ltr'>primum</span> <span class='ocrx_word' id='word_1_138' title='bbox 626 2288 739 2358; x_wconf 49' lang='lat' dir='ltr'>‘editos</span> <span class='ocrx_word' id='word_1_139' title='bbox 765 2292 799 2356; x_wconf 93' lang='lat' dir='ltr'>in</span> <span class='ocrx_word' id='word_1_140' title='bbox 822 2287 930 2359; x_wconf 90' lang='lat' dir='ltr'>lucem</span> <span class='ocrx_word' id='word_1_141' title='bbox 956 2290 1098 2357; x_wconf 88' lang='lat' dir='ltr'>Caesaris</span> <span class='ocrx_word' id='word_1_142' title='bbox 1125 2285 1385 2357; x_wconf 89' lang='lat' dir='ltr'>commentarios</span> 
     </span>
     <span class='ocr_line' id='line_1_19' title="bbox 304 2394 1386 2491; baseline -0.003 -30"><span class='ocrx_word' id='word_1_143' title='bbox 304 2396 493 2484; x_wconf 86' lang='lat' dir='ltr'>censuerit,</span> <span class='ocrx_word' id='word_1_144' title='bbox 509 2421 613 2489; x_wconf 91' lang='lat' dir='ltr'>quum</span> <span class='ocrx_word' id='word_1_145' title='bbox 631 2394 809 2491; x_wconf 80' lang='lat' dir='ltr'>prologum</span> <span class='ocrx_word' id='word_1_146' title='bbox 827 2394 987 2465; x_wconf 86' lang='lat' dir='ltr'>scriberet</span> <span class='ocrx_word' id='word_1_147' title='bbox 1003 2396 1149 2479; x_wconf 89' lang='lat' dir='ltr'>Hirtius;</span> <span class='ocrx_word' id='word_1_148' title='bbox 1163 2416 1285 2486; x_wconf 90' lang='lat' dir='ltr'>nempe</span> <span class='ocrx_word' id='word_1_149' title='bbox 1307 2403 1386 2484; x_wconf 91' lang='lat' dir='ltr'>post</span> 
     </span>
     <span class='ocr_line' id='line_1_20' title="bbox 303 2499 1385 2596; baseline -0.003 -28"><span class='ocrx_word' id='word_1_150' title='bbox 303 2515 448 2570; x_wconf 86' lang='lat' dir='ltr'>mortem</span> <span class='ocrx_word' id='word_1_151' title='bbox 462 2504 619 2573; x_wconf 83' lang='lat' dir='ltr'>Caesaris.</span> <span class='ocrx_word' id='word_1_152' title='bbox 641 2505 717 2570; x_wconf 92' lang='lat' dir='ltr'>Imo</span> <span class='ocrx_word' id='word_1_153' title='bbox 730 2502 801 2596; x_wconf 85' lang='lat' dir='ltr'>jam</span> <span class='ocrx_word' id='word_1_154' title='bbox 824 2517 921 2571; x_wconf 85' lang='lat' dir='ltr'>antea</span> <span class='ocrx_word' id='word_1_155' title='bbox 939 2504 973 2569; x_wconf 91' lang='lat' dir='ltr'>in</span> <span class='ocrx_word' id='word_1_156' title='bbox 990 2500 1079 2573; x_wconf 89' lang='lat' dir='ltr'>clara</span> <span class='ocrx_word' id='word_1_157' title='bbox 1096 2500 1169 2569; x_wconf 91' lang='lat' dir='ltr'>luce</span> <span class='ocrx_word' id='word_1_158' title='bbox 1191 2499 1293 2567; x_wconf 79' lang='lat' dir='ltr'>baisse</span> <span class='ocrx_word' id='word_1_159' title='bbox 1309 2522 1385 2567; x_wconf 87' lang='lat' dir='ltr'>ver·</span> 
     </span>
     <span class='ocr_line' id='line_1_21' title="bbox 304 2602 1383 2702; baseline -0.002 -26"><span class='ocrx_word' id='word_1_160' title='bbox 304 2622 395 2676; x_wconf 89' lang='lat' dir='ltr'>satos</span> <span class='ocrx_word' id='word_1_161' title='bbox 408 2632 428 2676; x_wconf 91' lang='lat' dir='ltr'>e</span> <span class='ocrx_word' id='word_1_162' title='bbox 441 2610 613 2677; x_wconf 87' lang='lat' dir='ltr'>Ciceronis</span> <span class='ocrx_word' id='word_1_163' title='bbox 626 2622 758 2679; x_wconf 86' lang='lat' dir='ltr'>constat</span> <span class='ocrx_word' id='word_1_164' title='bbox 772 2613 876 2679; x_wconf 91' lang='lat' dir='ltr'>Bruto</span> <span class='ocrx_word' id='word_1_165' title='bbox 892 2634 900 2676; x_wconf 78' lang='lat' dir='ltr'><em>z</em></span> <span class='ocrx_word' id='word_1_166' title='bbox 916 2612 988 2677; x_wconf 44' lang='lat' dir='ltr'>imo&gt;</span> <span class='ocrx_word' id='word_1_167' title='bbox 999 2632 1040 2677; x_wconf 86' lang='lat' dir='ltr'>ex</span> <span class='ocrx_word' id='word_1_168' title='bbox 1054 2608 1120 2677; x_wconf 91' lang='lat' dir='ltr'>hoc</span> <span class='ocrx_word' id='word_1_169' title='bbox 1134 2609 1207 2702; x_wconf 91' lang='lat' dir='ltr'>ipso</span> <span class='ocrx_word' id='word_1_170' title='bbox 1226 2602 1383 2699; x_wconf 86' lang='lat' dir='ltr'>Prologo.</span> 
     </span>
     <span class='ocr_line' id='line_1_22' title="bbox 303 2713 1385 2809; baseline -0.004 -27"><span class='ocrx_word' id='word_1_171' title='bbox 303 2716 379 2782; x_wconf 88' lang='lat' dir='ltr'>Jam</span> <span class='ocrx_word' id='word_1_172' title='bbox 400 2716 489 2782; x_wconf 90' lang='lat' dir='ltr'>enim</span> <span class='ocrx_word' id='word_1_173' title='bbox 509 2714 668 2809; x_wconf 88' lang='lat' dir='ltr'>probatos</span> <span class='ocrx_word' id='word_1_174' title='bbox 686 2716 835 2783; x_wconf 89' lang='lat' dir='ltr'>omnium</span> <span class='ocrx_word' id='word_1_175' title='bbox 854 2713 980 2807; x_wconf 85' lang='lat' dir='ltr'>judicio</span> <span class='ocrx_word' id='word_1_176' title='bbox 999 2728 1139 2784; x_wconf 90' lang='lat' dir='ltr'>testatur</span> <span class='ocrx_word' id='word_1_177' title='bbox 1151 2713 1242 2805; x_wconf 87' lang='lat' dir='ltr'>,jam</span> <span class='ocrx_word' id='word_1_178' title='bbox 1258 2713 1295 2779; x_wconf 90' lang='lat' dir='ltr'>in</span> <span class='ocrx_word' id='word_1_179' title='bbox 1313 2736 1385 2779; x_wconf 86' lang='lat' dir='ltr'>om·</span> 
     </span>
     <span class='ocr_line' id='line_1_23' title="bbox 304 2818 1383 2915; baseline -0.002 -28"><span class='ocrx_word' id='word_1_180' title='bbox 304 2822 397 2887; x_wconf 88' lang='lat' dir='ltr'>nium</span> <span class='ocrx_word' id='word_1_181' title='bbox 420 2819 638 2888; x_wconf 82' lang='lat' dir='ltr'>admiratione</span> <span class='ocrx_word' id='word_1_182' title='bbox 657 2820 779 2909; x_wconf 89' lang='lat' dir='ltr'>fuisse,</span> <span class='ocrx_word' id='word_1_183' title='bbox 797 2823 891 2915; x_wconf 86' lang='lat' dir='ltr'>quasi</span> <span class='ocrx_word' id='word_1_184' title='bbox 913 2823 998 2890; x_wconf 89' lang='lat' dir='ltr'>bene</span> <span class='ocrx_word' id='word_1_185' title='bbox 1016 2820 1256 2913; x_wconf 89' lang='lat' dir='ltr'>emendateque</span> <span class='ocrx_word' id='word_1_186' title='bbox 1279 2818 1383 2912; x_wconf 83' lang='lat' dir='ltr'>scrip·</span> 
     </span>
     <span class='ocr_line' id='line_1_24' title="bbox 304 2924 1383 3020; baseline 0.001 -27"><span class='ocrx_word' id='word_1_187' title='bbox 304 2938 366 2993; x_wconf 89' lang='lat' dir='ltr'>tos.</span> <span class='ocrx_word' id='word_1_188' title='bbox 374 2928 454 2995; x_wconf 84' lang='lat' dir='ltr'>Non</span> <span class='ocrx_word' id='word_1_189' title='bbox 468 2950 549 3020; x_wconf 86' lang='lat' dir='ltr'>ergo</span> <span class='ocrx_word' id='word_1_190' title='bbox 563 2926 698 3015; x_wconf 89' lang='lat' dir='ltr'>desua,</span> <span class='ocrx_word' id='word_1_191' title='bbox 717 2928 774 2996; x_wconf 88' lang='lat' dir='ltr'>sed</span> <span class='ocrx_word' id='word_1_192' title='bbox 788 2927 828 2995; x_wconf 90' lang='lat' dir='ltr'>de</span> <span class='ocrx_word' id='word_1_193' title='bbox 838 2928 978 2997; x_wconf 79' lang='lat' dir='ltr'>Caesaris</span> <span class='ocrx_word' id='word_1_194' title='bbox 986 2925 1128 2997; x_wconf 90' lang='lat' dir='ltr'>editione</span> <span class='ocrx_word' id='word_1_195' title='bbox 1141 2924 1291 3019; x_wconf 90' lang='lat' dir='ltr'>loquitur</span> <span class='ocrx_word' id='word_1_196' title='bbox 1306 2926 1383 2994; x_wconf 89' lang='lat' dir='ltr'>Hir·</span> 
     </span>
     <span class='ocr_line' id='line_1_25' title="bbox 304 3031 1383 3129; baseline 0.001 -30"><span class='ocrx_word' id='word_1_197' title='bbox 304 3032 370 3099; x_wconf 87' lang='lat' dir='ltr'>tius</span> <span class='ocrx_word' id='word_1_198' title='bbox 383 3086 392 3119; x_wconf 93' lang='lat'>,</span> <span class='ocrx_word' id='word_1_199' title='bbox 405 3056 510 3125; x_wconf 91' lang='lat' dir='ltr'>quum</span> <span class='ocrx_word' id='word_1_200' title='bbox 533 3031 615 3101; x_wconf 92' lang='lat' dir='ltr'>illud</span> <span class='ocrx_word' id='word_1_201' title='bbox 632 3033 785 3101; x_wconf 87' lang='lat' dir='ltr'>editionis</span> <span class='ocrx_word' id='word_1_202' title='bbox 801 3032 982 3129; x_wconf 45' lang='lat' dir='ltr'>consilium,</span> <span class='ocrx_word' id='word_1_203' title='bbox 1001 3036 1169 3127; x_wconf 84' lang='lat' dir='ltr'>agnoscit,</span> <span class='ocrx_word' id='word_1_204' title='bbox 1187 3046 1323 3101; x_wconf 85' lang='lat' dir='ltr'>tantum</span> <span class='ocrx_word' id='word_1_205' title='bbox 1343 3056 1383 3100; x_wconf 90' lang='lat' dir='ltr'>ne</span> 
     </span>
     <span class='ocr_line' id='line_1_26' title="bbox 306 3140 1384 3234; baseline 0.001 -28"><span class='ocrx_word' id='word_1_206' title='bbox 306 3140 442 3206; x_wconf 88' lang='lat' dir='ltr'>seientia</span> <span class='ocrx_word' id='word_1_207' title='bbox 456 3152 624 3208; x_wconf 89' lang='lat' dir='ltr'>tantarum</span> <span class='ocrx_word' id='word_1_208' title='bbox 646 3165 759 3208; x_wconf 89' lang='lat' dir='ltr'>rerum</span> <span class='ocrx_word' id='word_1_209' title='bbox 782 3141 998 3234; x_wconf 88' lang='lat' dir='ltr'>scriptoribus</span> <span class='ocrx_word' id='word_1_210' title='bbox 1020 3140 1156 3209; x_wconf 85' lang='lat' dir='ltr'>deesset.</span> <span class='ocrx_word' id='word_1_211' title='bbox 1180 3140 1384 3233; x_wconf 86' lang='lat' dir='ltr'>Exprimunt</span> 
     </span>
     <span class='ocr_line' id='line_1_27' title="bbox 305 3245 1382 3342; baseline 0.001 -29"><span class='ocrx_word' id='word_1_212' title='bbox 305 3245 376 3313; x_wconf 88' lang='lat' dir='ltr'>haec</span> <span class='ocrx_word' id='word_1_213' title='bbox 398 3246 500 3324; x_wconf 75' lang='lat' dir='ltr'>uerba</span> <span class='ocrx_word' id='word_1_214' title='bbox 519 3248 658 3315; x_wconf 89' lang='lat' dir='ltr'>Caesaris</span> <span class='ocrx_word' id='word_1_215' title='bbox 674 3248 785 3340; x_wconf 91' lang='lat' dir='ltr'>potius</span> <span class='ocrx_word' id='word_1_216' title='bbox 801 3246 842 3314; x_wconf 88' lang='lat' dir='ltr'>de</span> <span class='ocrx_word' id='word_1_217' title='bbox 864 3248 930 3315; x_wconf 91' lang='lat' dir='ltr'>suis</span> <span class='ocrx_word' id='word_1_218' title='bbox 953 3248 1083 3341; x_wconf 89' lang='lat' dir='ltr'>scriptis</span> <span class='ocrx_word' id='word_1_219' title='bbox 1101 3248 1228 3342; x_wconf 85' lang='lat' dir='ltr'>agentis</span> <span class='ocrx_word' id='word_1_220' title='bbox 1250 3245 1382 3314; x_wconf 91' lang='lat' dir='ltr'>modes·</span> 
     </span>
     <span class='ocr_line' id='line_1_28' title="bbox 305 3350 1383 3446; baseline 0.001 -27"><span class='ocrx_word' id='word_1_221' title='bbox 305 3352 408 3438; x_wconf 88' lang='lat' dir='ltr'>tiam,</span> <span class='ocrx_word' id='word_1_222' title='bbox 425 3366 524 3445; x_wconf 87' lang='lat' dir='ltr'>quam</span> <span class='ocrx_word' id='word_1_223' title='bbox 546 3354 645 3422; x_wconf 86' lang='lat' dir='ltr'>Hirtii</span> <span class='ocrx_word' id='word_1_224' title='bbox 662 3353 703 3421; x_wconf 89' lang='lat' dir='ltr'>de</span> <span class='ocrx_word' id='word_1_225' title='bbox 719 3353 834 3422; x_wconf 89' lang='lat' dir='ltr'>iisdem</span> <span class='ocrx_word' id='word_1_226' title='bbox 856 3352 1116 3423; x_wconf 88' lang='lat' dir='ltr'>admirationem.</span> <span class='ocrx_word' id='word_1_227' title='bbox 1135 3352 1230 3422; x_wconf 90' lang='lat' dir='ltr'>Idem</span> <span class='ocrx_word' id='word_1_228' title='bbox 1247 3350 1383 3446; x_wconf 80' lang='lat' dir='ltr'>Prologi</span> 
     </span>
     <span class='ocr_line' id='line_1_29' title="bbox 305 3458 1382 3556; baseline 0.004 -31"><span class='ocrx_word' id='word_1_229' title='bbox 305 3473 437 3527; x_wconf 86' lang='lat' dir='ltr'>auctor.</span> <span class='ocrx_word' id='word_1_230' title='bbox 450 3463 629 3538; x_wconf 67' lang='lat' dir='ltr'>accusante</span> <span class='ocrx_word' id='word_1_231' title='bbox 654 3461 858 3555; x_wconf 72' lang='lat' dir='ltr'>maperficta</span> <span class='ocrx_word' id='word_1_232' title='bbox 883 3458 930 3529; x_wconf 84' lang='lat' dir='ltr'>ab</span> <span class='ocrx_word' id='word_1_233' title='bbox 959 3459 1059 3529; x_wconf 83' lang='lat' dir='ltr'>rebus</span> <span class='ocrx_word' id='word_1_234' title='bbox 1083 3463 1191 3556; x_wconf 73' lang='lat' dir='ltr'>gestia</span> <span class='ocrx_word' id='word_1_235' title='bbox 1219 3460 1382 3529; x_wconf 70' lang='lat' dir='ltr'>Alexan·</span> 
     </span>
     <span class='ocr_line' id='line_1_30' title="bbox 304 3564 1381 3659; baseline -0.001 -25"><span class='ocrx_word' id='word_1_236' title='bbox 304 3564 393 3634; x_wconf 75' lang='lat' dir='ltr'>drar</span> <span class='ocrx_word' id='word_1_237' title='bbox 404 3566 569 3655; x_wconf 77' lang='lat' dir='ltr'>adfinem</span> <span class='ocrx_word' id='word_1_238' title='bbox 581 3572 667 3636; x_wconf 79' lang='lat' dir='ltr'>uitae</span> <span class='ocrx_word' id='word_1_239' title='bbox 683 3569 833 3637; x_wconf 69' lang='lat' dir='ltr'>Coesarts</span> <span class='ocrx_word' id='word_1_240' title='bbox 843 3592 881 3635; x_wconf 86' lang='lat' dir='ltr'>se</span> <span class='ocrx_word' id='word_1_241' title='bbox 894 3566 1084 3659; x_wconf 65' lang='lat' dir='ltr'>coryccirse</span> <span class='ocrx_word' id='word_1_242' title='bbox 1098 3580 1246 3635; x_wconf 88' lang='lat' dir='ltr'>testatur.</span> <span class='ocrx_word' id='word_1_243' title='bbox 1264 3566 1381 3633; x_wconf 87' lang='lat' dir='ltr'>Proin·</span> 
     </span>
     <span class='ocr_line' id='line_1_31' title="bbox 369 3671 1381 3769; baseline 0.001 -30"><span class='ocrx_word' id='word_1_244' title='bbox 369 3671 435 3739; x_wconf 86' lang='lat' dir='ltr'>&#39;am</span> <span class='ocrx_word' id='word_1_245' title='bbox 457 3696 525 3740; x_wconf 79' lang='lat' dir='ltr'>uria</span> <span class='ocrx_word' id='word_1_246' title='bbox 547 3697 625 3741; x_wconf 91' lang='lat' dir='ltr'>cum</span> <span class='ocrx_word' id='word_1_247' title='bbox 650 3671 794 3769; x_wconf 84' lang='lat' dir='ltr'>Prologo</span> <span class='ocrx_word' id='word_1_248' title='bbox 820 3671 921 3743; x_wconf 87' lang='lat' dir='ltr'>libros</span> <span class='ocrx_word' id='word_1_249' title='bbox 947 3698 1025 3743; x_wconf 90' lang='lat' dir='ltr'>suos</span> <span class='ocrx_word' id='word_1_250' title='bbox 1046 3676 1183 3769; x_wconf 88' lang='lat' dir='ltr'>penitus</span> <span class='ocrx_word' id='word_1_251' title='bbox 1209 3671 1381 3741; x_wconf 87' lang='lat' dir='ltr'>confectos</span> 
     </span>
    </p>

    <p class='ocr_par' dir='ltr' id='par_1_5' title="bbox 306 3776 1380 4197">
     <span class='ocr_line' id='line_1_32' title="bbox 409 3776 1380 3869; baseline -0.001 -23"><span class='ocrx_word' id='word_1_252' title='bbox 409 3776 454 3846; x_wconf 87' lang='lat' dir='ltr'>llo</span> <span class='ocrx_word' id='word_1_253' title='bbox 475 3776 722 3869; x_wconf 80' lang='lat' dir='ltr'>Alexandrian,</span> <span class='ocrx_word' id='word_1_254' title='bbox 743 3780 920 3869; x_wconf 77' lang='lat' dir='ltr'>Africano,</span> <span class='ocrx_word' id='word_1_255' title='bbox 935 3795 1053 3849; x_wconf 88' lang='lat' dir='ltr'>auctor</span> <span class='ocrx_word' id='word_1_256' title='bbox 1070 3780 1224 3849; x_wconf 87' lang='lat' dir='ltr'>emiserit.</span> <span class='ocrx_word' id='word_1_257' title='bbox 1241 3780 1320 3848; x_wconf 90' lang='lat' dir='ltr'>Imo</span> <span class='ocrx_word' id='word_1_258' title='bbox 1342 3776 1380 3846; x_wconf 88' lang='lat' dir='ltr'>de</span> 
     </span>
     <span class='ocr_line' id='line_1_33' title="bbox 307 3878 1380 3981; baseline 0.001 -30"><span class='ocrx_word' id='word_1_259' title='bbox 307 3882 398 3952; x_wconf 89' lang='lat' dir='ltr'>bello.</span> <span class='ocrx_word' id='word_1_260' title='bbox 410 3887 510 3953; x_wconf 90' lang='lat' dir='ltr'>etiam</span> <span class='ocrx_word' id='word_1_261' title='bbox 527 3887 724 3979; x_wconf 86' lang='lat' dir='ltr'>Hispanico,</span> <span class='ocrx_word' id='word_1_262' title='bbox 741 3878 962 3981; x_wconf 78' lang='lat' dir='ltr'>(quamquam</span> <span class='ocrx_word' id='word_1_263' title='bbox 981 3886 1066 3959; x_wconf 88' lang='lat' dir='ltr'>illius</span> <span class='ocrx_word' id='word_1_264' title='bbox 1088 3889 1122 3957; x_wconf 91' lang='lat' dir='ltr'>in</span> <span class='ocrx_word' id='word_1_265' title='bbox 1143 3884 1290 3980; x_wconf 81' lang='lat' dir='ltr'>Prologo</span> <span class='ocrx_word' id='word_1_266' title='bbox 1313 3908 1380 3953; x_wconf 88' lang='lat' dir='ltr'>non</span> 
     </span>
     <span class='ocr_line' id='line_1_34' title="bbox 306 3984 1380 4089; baseline 0 -30"><span class='ocrx_word' id='word_1_267' title='bbox 306 3984 521 4082; x_wconf 86' lang='lat' dir='ltr'>meminerit)</span> <span class='ocrx_word' id='word_1_268' title='bbox 546 3992 637 4087; x_wconf 92' lang='lat' dir='ltr'>quod</span> <span class='ocrx_word' id='word_1_269' title='bbox 664 3994 856 4088; x_wconf 85' lang='lat' dir='ltr'>praedictam</span> <span class='ocrx_word' id='word_1_270' title='bbox 878 3994 1064 4089; x_wconf 86' lang='lat' dir='ltr'>epocham,</span> <span class='ocrx_word' id='word_1_271' title='bbox 1081 4018 1155 4089; x_wconf 88' lang='lat' dir='ltr'>quae</span> <span class='ocrx_word' id='word_1_272' title='bbox 1176 3992 1219 4061; x_wconf 93' lang='lat' dir='ltr'>ad</span> <span class='ocrx_word' id='word_1_273' title='bbox 1240 3992 1380 4061; x_wconf 73' lang='lat' dir='ltr'>Caesaris</span> 
     </span>
     <span class='ocr_line' id='line_1_35' title="bbox 306 4100 1376 4197; baseline -0.002 -32"><span class='ocrx_word' id='word_1_274' title='bbox 306 4112 449 4169; x_wconf 87' lang='lat' dir='ltr'>mortem</span> <span class='ocrx_word' id='word_1_275' title='bbox 469 4124 578 4193; x_wconf 86' lang='lat' dir='ltr'>usque</span> <span class='ocrx_word' id='word_1_276' title='bbox 598 4102 749 4196; x_wconf 78' lang='lat' dir='ltr'>pertigit,</span> <span class='ocrx_word' id='word_1_277' title='bbox 772 4102 838 4171; x_wconf 87' lang='lat' dir='ltr'>hoc</span> <span class='ocrx_word' id='word_1_278' title='bbox 860 4126 993 4197; x_wconf 89' lang='lat' dir='ltr'>quoque</span> <span class='ocrx_word' id='word_1_279' title='bbox 1014 4100 1137 4173; x_wconf 86' lang='lat' dir='ltr'>bellurn</span> <span class='ocrx_word' id='word_1_280' title='bbox 1157 4100 1376 4172; x_wconf 85' lang='lat' dir='ltr'>antecesserit.</span> 
     </span>
    </p>
   </div>
   <div class='ocr_carea' id='block_1_5' title="bbox 303 3670 348 3845">
    <p class='ocr_par' dir='ltr' id='par_1_6' title="bbox 303 3670 348 3845">
     <span class='ocr_line' id='line_1_36' title="bbox 303 3670 348 3740; baseline -0.022 0"><span class='ocrx_word' id='word_1_281' title='bbox 303 3670 348 3740; x_wconf 88' lang='lat' dir='ltr'>de</span> 
     </span>
     <span class='ocr_line' id='line_1_37' title="bbox 305 3776 348 3845; baseline 0 0"><span class='ocrx_word' id='word_1_282' title='bbox 305 3776 348 3845; x_wconf 92' lang='lat' dir='ltr'>de</span> 
     </span>
    </p>
   </div>
   <div class='ocr_carea' id='block_1_6' title="bbox 0 0 1504 5034">
    <p class='ocr_par' dir='ltr' id='par_1_7' title="bbox 0 0 1504 5034">
     <span class='ocr_line' id='line_1_38' title="bbox 0 0 1504 5034; baseline 0 0"><span class='ocrx_word' id='word_1_283' title='bbox 0 0 1504 5034; x_wconf 95' lang='lat' dir='ltr'> </span> 
     </span>
    </p>
   </div>
  </div>
 </body>
</html>
