3000 5034
252 481 323 533 xxtt
437 464 443 468 ’
656 460 921 531 EDITORIS

254 589 375 653 nullius
388 589 525 652 omnino
541 590 719 672 momenti,
734 607 767 654 et
778 614 898 679 paucas
910 589 1090 654 admodum
1098 589 1331 676 judicavimus,

253 716 325 779 quae
336 692 378 758 ad
389 716 458 756 rem
469 694 628 776 facerent,
640 717 699 758 seu
708 695 887 760 verborum
898 695 1027 772 crisim,
1039 717 1112 777 seu,
1123 692 1214 782 quod
1225 698 1333 761 multo

252 799 371 879 majus,
382 801 524 864 auctoris
537 817 681 864 mentem
693 802 881 890 respexeris.
895 803 978 884 Quat
987 823 1067 892 vero
1077 801 1340 889 praecedentium⁴

163 893 168 898 q
251 906 467 994 interpretum
487 907 692 995 sagacitatem
718 908 991 1000 sollicitaverant,
1009 907 1046 971 in
1067 931 1186 990 novam
1204 907 1332 995 disqui-

150 1069 155 1090 ,
252 1012 405 1076 sitionem
421 1013 625 1095 vocavimus,
641 1029 684 1095 et,
699 1013 821 1100 siquid
838 1013 917 1079 inde
931 1012 1014 1077 lucis
1033 1012 1074 1076 ad
1090 1013 1331 1100 explanandum

251 1116 428 1204 aliquando
446 1117 664 1183 difficiliorem
682 1142 817 1184 sensum
835 1136 1039 1209 erumperet,
1054 1120 1256 1206 suscepimus
1271 1144 1280 1201 3
1299 1136 1333 1183 et

251 1225 344 1311 quasi
363 1225 397 1288 in
422 1225 537 1289 fomite
559 1225 710 1314 quodam
730 1229 921 1316 rapuimus,
945 1229 1004 1316 qui
1025 1243 1134 1292 totum
1157 1227 1334 1314 illustraret

250 1331 373 1394 locum,
393 1331 457 1396 Sed
469 1349 501 1396 et
513 1332 575 1396 illis
590 1334 724 1419 quidem
744 1334 941 1398 lectionibus
956 1356 1024 1423 quo
1037 1332 1117 1397 fides
1127 1333 1255 1397 certior
1273 1333 1332 1396 ha·

251 1437 401 1520 beretur,
413 1438 633 1504 consulendos
645 1441 878 1529 appellavimus
894 1441 1022 1506 codices
1033 1439 1118 1504 duos
1128 1463 1147 1502 e
1157 1439 1240 1502 Bibl.
1253 1441 1333 1528 Reg.

137 1589 145 1612 ,,
250 1543 369 1628 Paris,
389 1545 632 1630 quorum-alter
652 1545 868 1628 colbertinus,
882 1544 922 1608 n⁰
942 1545 1043 1633 5763,
1056 1561 1195 1608 exeunte
1214 1545 1335 1608 saeculo

149 1675 151 1696 1
252 1672 358 1734 nono,
368 1651 420 1714 vel
431 1650 560 1716 decimo
573 1652 686 1716 saltem
699 1653 851 1733 ineunte,
863 1668 1012 1720 exaratus
1025 1675 1035 1731 3
1050 1650 1222 1714 Timaeus
1234 1649 1332 1732 alter,

249 1753 293 1836 ¹11⁰
308 1753 410 1842 5764,
423 1759 601 1844 exscriptus
621 1756 684 1822 sub
703 1755 803 1820 finem
816 1754 962 1835 ejusdem
972 1755 1089 1836 aetatis,
1103 1755 1188 1817 fama
1201 1770 1334 1820 tantum

253 1861 493 1950 Oudendorpio
516 1863 716 1928 innotuerat.
740 1862 792 1928 Ad
810 1863 950 1926 istorum
968 1860 1069 1926 fidem
1092 1860 1334 1943 revocavimus,

250 1965 376 2054 (modo
395 1967 636 2046 consentirent,
658 1966 750 2054 quod
774 1953 859 2055 saepe
876 1967 994 2054 saepius
1011 1964 1151 2052 accidit)
1169 1964 1334 2053 quidquid

252 2070 393 2137 dubium
416 2090 474 2138 aut
492 2074 655 2152 incertum
686 2075 910 2162 relinquerent
939 2074 1063 2138 collatae
1082 2074 1168 2139 inter
1186 2095 1221 2136 se
1238 2073 1334 2136 variar

251 2178 344 2242 MSS.
364 2179 535 2263 lectiones,
549 2180 634 2244 salva
653 2195 764 2244 tamen
778 2195 887 2244 textus
904 2178 1078 2268 religione,
1088 2178 1124 2241 in
1140 2199 1240 2264 quem
1257 2177 1335 2241 novi

253 2283 337 2348 nihil
354 2285 495 2372 irrepere
513 2285 696 2366 voluimus,
708 2286 857 2373 quamvis
871 2307 945 2359 raro
964 2284 1123 2366 evenerit,
1138 2300 1177 2348 ut
1192 2283 1336 2373 genuina

254 2391 365 2476 lectio,
377 2407 410 2456 et
429 2392 613 2458 Caesariano
632 2392 716 2480 stylo
734 2392 884 2480 propior,
900 2414 939 2455 ex
957 2414 995 2454 ea
1012 2391 1186 2456 collatione
1201 2406 1335 2477 repente

253 2498 406 2564 eluceret.
425 2498 465 2560 In
484 2498 571 2566 uotis
590 2521 668 2562 vero
687 2498 912 2586 congessimus
926 2495 1088 2585 quidquid
1095 2494 1142 2558 ad
1159 2493 1334 2558 firmandas

253 2604 472 2687 conjecturas,
491 2606 543 2670 vel
561 2605 709 2670 lectionis
729 2603 947 2670 sinceritatem
972 2599 1236 2668 constituendam
1256 2622 1334 2687 pro·

255 2709 395 2776 habilius
414 2708 596 2774 videbatur.
610 2710 700 2774 Nihil
711 2708 854 2794 denique
873 2708 1006 2770 illorum
1024 2705 1211 2786 omisimus,
1224 2705 1334 2768 subsi-

254 2813 387 2878 diorum
403 2815 485 2880 nihil
496 2801 713 2902 negleximus,
722 2837 795 2900 quae
805 2836 865 2881 nos
876 2811 918 2876 ad
931 2812 1209 2901 castigatissimum
1220 2833 1332 2874 emen-

255 2921 421 2991 dationem
430 2940 565 3011 possent
582 2922 757 2992 adducere.
769 2924 885 3010 Itaque
903 2901 972 2990 haec
984 2921 1101 3004 editio,
1121 2944 1182 2987 nec
1199 2920 1334 2986 Ouden-

255 3027 429 3117 dorpiana,
446 3053 507 3094 nec
524 3030 715 3118 Bipontina3
735 3029 793 3094 sed
813 3046 883 3093 tota
900 3045 1011 3096 nostra
1029 3045 1089 3093 est.

300 3135 408 3200 Textu
422 3153 584 3227 quantum
597 3135 690 3202 licuit
708 3132 896 3218 emendato,
908 3133 950 3198 ad
961 3134 1264 3221 interpretationem
1271 3155 1332 3202 ,ve-

257 3244 387 3325 nimus3
407 3267 480 3330 quae
499 3242 633 3331 quidem
651 3243 686 3305 in
710 3242 868 3330 scriptore
895 3241 1046 3309 omnium
1065 3239 1281 3336 nitidissimo,
1301 3255 1334 3303 et

172 3344 174 3363 Ι
254 3359 315 3448 ‚qui
333 3361 481 3453 σαφηνείᾳ
493 3373 623 3445 praestat
636 3357 865 3445 potissimum,
880 3355 1036 3422 molestiae
1055 3354 1153 3436 nihil,
1166 3370 1200 3418 et
1216 3374 1332 3440 parum

258 3489 344 3539 certe
362 3474 481 3538 laboris
492 3472 652 3544 habebat.
671 3472 780 3544 Pauca
796 3470 900 3552 enim,
913 3485 945 3536 et
962 3471 1063 3556 longo
1081 3464 1215 3553 quidem
1230 3465 1333 3526 inteo-
1397 3491 1402 3501 ·

257 3583 341 3646 vallo
359 3580 499 3650 discreta
509 3594 704 3660 occurrunt,
718 3602 791 3665 quae
805 3577 960 3642 lectorem
976 3571 1171 3660 impediant,
1183 3586 1216 3633 et
1230 3569 1333 3632 inter·

258 3690 358 3779 protis
377 3687 578 3778 diligentiam
597 3686 803 3773 expostulent
822 3706 830 3746 t
851 3705 888 3744 ea
903 3698 951 3743 est
968 3678 1144 3745 verborum
1162 3676 1333 3739 concinni-

260 3813 328 3878 tas,
346 3809 379 3858 et
401 3792 510 3862 lucida
532 3777 770 3856 sententiarum
791 3788 965 3852 connexio!
986 3785 1049 3849 Vix
1066 3784 1167 3873 igitur
1184 3805 1221 3847 ea
1240 3782 1281 3847 de
1298 3805 1334 3846 re

260 3901 441 3990 quidquam
459 3898 653 3967 addendum
667 3911 834 3987 supererat
851 3893 937 3958 curis
955 3891 1133 3981 prioribus,
1152 3914 1225 3978 quae
1242 3891 1334 3954 illus·

260 4008 415 4080 trandum
427 4009 609 4073 Caesarema
620 4002 748 4091 Gothof
757 4005 1011 4091 Iungermann0,
1023 4021 1112 4064 anno
1127 3999 1224 4080 1606,
1236 3997 1288 4086 (ut
1293 3996 1335 4060 de

263 4117 384 4186 caeteris
402 4138 493 4184 nunc
511 4131 692 4202 taceamus,
711 4133 788 4180 nam
806 4110 937 4180 illorum
957 4104 1217 4195 nominaindice
1234 4125 1335 4204 pecu·
