3000 5034
265 474 343 569 404
521 476 752 547 HENRICI
778 474 1076 543 DODWELLI

322 656 445 729 Itidem
453 657 600 749 factum
620 658 657 723 in
678 651 765 723 libro
789 654 898 723 Hirtii
915 650 960 721 de
980 651 1068 721 bella
1089 652 1293 749 Hitpam’co.

187 874 190 877 >
270 884 275 889 -
319 838 363 905 In
389 831 476 903 bello
504 830 686 924 Hispanico
717 828 840 898 adhuc'
855 828 1014 923 pauciora
1040 828 1145 897 ooaevi
1172 827 1344 921 scriptoris

266 938 405 1036 uestigia
419 953 515 1025 sunt,
530 936 628 1031 plura
641 950 754 1019 autem
770 932 1036 1030 interpolatoris,
1050 948 1084 1003 et
1101 934 1234 1028 quidem
1257 933 1344 1026 ejus·

267 1050 368 1136 dem,
397 1049 453 1141 qui
477 1042 609 1112 bellum
639 1042 841 1129 Africanum„
865 1043 931 1111 suis
965 1042 1162 1111 commentis
1197 1052 1345 1109 auxerat.

268 1156 395 1225 Eadem
417 1156 452 1221 in
473 1174 557 1219 voce
563 1150 732 1241 facultas
757 1147 940 1243 elegantia,
962 1172 1036 1243 quae
1057 1170 1262 1242 supra,oap.
1284 1168 1347 1235 123

269 1268 319 1334 eis
341 1256 651 1353 adgnoscendum
675 1256 774 1326 nulla
796 1254 960 1355 estsdata
968 1255 1146 1346 facultas.
1171 1255 1253 1349 Cap.
1279 1254 1347 1340 40,

269 1392 392 1453 nares,
407 1388 488 1460 quoe
502 1369 538 1433 iu
551 1363 628 1432 salo
637 1360 812 1453 filerunt:
828 1385 890 1456 pro
911 1359 1064 1457 exemplo
1085 1361 1198 1430 itidem
1213 1383 1232 1427 a
1249 1359 1347 1429 nobis

271 1486 372 1568 supra
392 1471 579 1541 observato.
598 1470 671 1537 Nec
692 1467 865 1538 dissimiles
881 1466 935 1537 alii
953 1481 1136 1537 occurrunt
1156 1467 1348 1560 aequiorum

271 1578 470 1651 saeculorum
500 1576 707 1646 barbarismi.
735 1577 821 1669 Cap.
862 1570 904 1673 7,
935 1576 1079 1670 reliquae
1113 1596 1160 1644 ea·
1181 1572 1349 1668 fugitivis

267 1688 465 1757 'mutuarer
477 1679 718 1753 consistebant.
733 1683 816 1775 Cap.
841 1704 905 1769 ια,
920 1679 1005 1751 bene
1019 1702 1182 1776 maguum
1205 1696 1347 1778 tempus.

274 1795 355 1887 Cap,
379 1789 438 1880 13,
455 1790 622 1884 smulque
642 1786 785 1857 hausta
803 1792 912 1856 missa
925 1811 950 1857 a
963 1788 1090 1858 nostru
1110 1802 1235 1856 aurem
1257 1784 1348 1877 deje-

270 1905 329 1969 cit.
352 1902 434 1992 Cap.
464 1894 526 1982 16,
550 1892 777 1965 eructuabat
801 1916 988 1992 eooposse,
1009 1908 1171 1965 conatum
1197 1892 1347 1985 efficere.

273 2008 356 2098 Cap.
383 2026 448 2097 29,
475 2001 667 2070 aduersarii
676 2006 901 2096 patrocinari
922 2002 999 2071 loeo
1025 2006 1141 2097 miquo
1165 2024 1237 2069 aon
1262 1999 1350 2069 desi·

272 2126 368 2180 aunt.
392 2111 474 2203 Cap.
505 2104 574 2194 33,
596 2106 749 2177 ubertum
761 2160 772 2195 ,
799 2112 860 2202 qui
873 2108 1010 2199 flasset
1032 2108 1106 2201 eJirs
1132 2105 1349 2177 concubitus.

275 2219 357 2310 Cap.
385 2212 452 2309 39,
472 2212 700 2308 gradiebatur
727 2214 911 2310 Hirpalr'm.
941 2216 1024 2309 Cap.
1049 2217 1116 2301 Aa,
1134 2202 1351 2309 promiseram

273 2322 504 2419 depopulavit.
527 2323 572 2389 Et
589 2334 710 2413 praeter
733 2345 861 2389 morem
882 2320 1004 2390 horum
1029 2316 1231 2415 scriptulum
1252 2321 1353 2389 Ennii

277 2443 384 2523 poetae
389 2427 575 2521 fragmenta
586 2427 740 2514 advocat,
745 2450 817 2521 cap.
831 2424 893 2517 23,
902 2424 924 2499 3
933 2451 946 2496 1
954 2480 961 2497 .
970 2426 1224 2521 Illaveroquam
1229 2429 1352 2521 inepta,

275 2536 398 2629 quibus
416 2549 530 2604 tamen
547 2534 707 2616 Caesaris,
720 2535 841 2603 summi
858 2533 1170 2629 pnrdentissimique
1191 2536 1355 2621 oratoris,

278 2665 456 2737 personam
478 2642 547 2733 agit
565 2640 621 2708 hic
644 2639 793 2733 sophista
808 2642 920 2727 τἈιι,
944 2666 999 2711 me
1021 2642 1158 2729 deleto,
1181 2664 1253 2711 non
1279 2644 1353 2710 arri·

277 2746 562 2832 madvertebatir,
576 2749 622 2815 'X
638 2744 766 2815 habere
787 2748 936 2843 legiones
956 2750 1126 2846 populum
1150 2770 1352 2832 mmamon,

277 2877 360 2949 quae
371 2874 442 2922 aon
454 2854 562 2921 soum
578 2850 677 2921 oobr‘s
691 2852 856 2923 obsistere
867 2906 879 2941 ,
892 2855 957 2924 sed
965 2860 1069 2924 etistm
1084 2856 1207 2924 coelum
1222 2854 1356 2923 dtiroere

272 2959 452 3056 possent?
470 2955 715 3027 Declamatoris
733 2958 809 3048 illa,
830 2984 899 3028 non
923 2962 1084 3049 oratoris,
1105 2960 1274 3031 affectatio
1297 2976 1354 3031 est

280 3067 448 3135 lixerunt
466 3063 599 3157 quidem
618 3067 799 3153 Germani,
817 3067 934 3135 Suevis
961 3069 1028 3137 suis
1052 3092 1094 3137 ne
1120 3067 1200 3138 deos
1221 3067 1356 3163 quidem

279 3168 484 3241 immortales
499 3194 597 3265 pares
614 3196 685 3240 esse
703 3172 862 3266 potuisse,
875 3172 954 3242 Bell.
970 3171 1055 3243 Gall.
1072 3175 1110 3242 L.
1124 3174 1184 3260 IV,
1201 3198 1274 3270 cap.
1295 3197 1356 3244 ro:

282 3278 340 3348 sed
361 3276 495 3347 barbari
516 3276 585 3365 illi,
607 3303 676 3346 non
697 3282 836 3347 romani.
863 3281 956 3348 Inter
977 3282 1213 3351 Ciceronianus
1236 3278 1357 3367 multo·
1448 3308 1451 3313 ·

281 3408 358 3453 rum
372 3408 562 3452 coaevorum
576 3382 716 3478 legimus
734 3385 910 3479 epistolas,
924 3384 1048 3455 nullam
1067 3402 1179 3456 nmen
1190 3438 1200 3474 ,
1212 3410 1288 3482 quae
1303 3410 1358 3456 co·

281 3490 443 3559 thumum
457 3487 551 3557 illum
566 3490 835 3585 sapiatNullum
857 3506 947 3579 erat,
961 3508 1057 3563 atate
1074 3495 1213 3563 Caesaris
1227 3548 1238 3582 ,
1252 3494 1357 3561 otium

281 3595 467 3667 istiusmodi
487 3599 611 3690 ingenii
628 3595 777 3686 lusibus,
791 3624 868 3668 cum
885 3599 928 3667 de
945 3600 1045 3669 rebus
1059 3602 1151 3670 seriis
1172 3614 1358 3668 momento·

281 3704 417 3796 sisque,
444 3702 485 3770 de
507 3704 576 3771 vita
606 3703 814 3797 fortunisque
840 3704 998 3775 clientum
1026 3705 1080 3775 vel
1107 3706 1196 3775 fama
1222 3718 1359 3801 agerent

281 3824 442 3879 oratores.
465 3810 552 3878 Sunt
572 3808 789 3881 nihilominus
804 3813 953 3905 primaevi
971 3814 1115 3883 auctoris
1137 3814 1237 3882 Hirtii
1259 3814 1358 3883 etiam

282 3918 319 3985 iu
344 3915 411 3985 hoe
436 3940 537 4010 opere
563 3918 709 4010 vestigia.
732 3918 818 4007 Quae
843 3918 953 3987 habet.
973 3921 1163 3989 eommunia
1188 3944 1266 3989 oum
1291 3916 1359 3987 aliis

284 4021 381 4091 bonae
409 4021 486 4091 fidei
512 4023 732 4112 auctoribus,
755 4049 824 4094 non
852 4024 983 4095 aliunde
1012 4050 1182 4096 emanasse
1209 4048 1357 4095 censeo:

231 4218 239 4231 ι
279 4128 433 4223 inpriuus
450 4127 551 4219 illud,
565 4130 656 4224 quod
677 4132 843 4203 Caesarem
861 4132 950 4203 dicat
969 4132 1165 4204 dictatorem
1186 4134 1256 4223 111,
1274 4132 1358 4203 desi·
