3000 5034
343 456 419 581 {06
486 508 525 576 G.
553 505 697 575 JULII
725 504 961 573 CAESARIS
989 502 1268 576 COMMENT.

340 659 453 716 tenere
469 638 609 728 vellent,
627 662 689 709 nec
706 639 823 707 virtuti
843 637 937 708 locus
959 635 1225 732 relinquebatur,
1247 629 1359 735 neque
1372 641 1409 711 ab

290 782 294 789 ·
339 756 434 819 latita
459 747 670 819 multitudine
693 747 845 841 conjecta
866 745 930 815 tela
954 744 1095 814 conferti
1116 746 1223 814 vitare
1250 760 1409 842 poterant.

338 860 465 927 Tamen
487 869 538 924 tot
557 853 777 924 incommodis
798 852 996 942 conflictati,
1010 852 1123 921 multis
1145 851 1339 924 vulneribus
1363 880 1410 925 ac·

337 966 461 1083 ceptis,
475 962 689 1051 resistebant3
701 971 735 1031 et
748 981 871 1056 magua
887 971 981 1099 parte
997 960 1063 1029 diei
1079 974 1294 1056 consumpta,
1311 987 1411 1056 quum

337 1073 481 1166 aprima
498 1068 573 1138 luce
587 1069 630 1138 ad
648 1017 768 1137 hdram
789 1055 964 1138 neuram*
979 1082 1196 1163 pugnaretur,
1210 1067 1310 1156 nihil,
1324 1068 1411 1163 quod

335 1177 416 1272 ipsis
437 1191 524 1246 esset
548 1175 741 1272 indignum,
764 1176 1025 1247 committebant
1052 1177 1198 1244 TumT.
1221 1174 1410 1265 Balventio,

336 1286 393 1379 qui
420 1286 590 1378 superiore
616 1302 705 1353 anno
727 1285 872 1387 primum
901 1268 1027 1378 pilum⁵
1049 1282 1210 1370 duxerat,
1234 1283 1310 1351 viro
1336 1283 1410 1352 forti

335 1405 370 1459 et
391 1414 520 1485 magnae
540 1392 765 1479 auctoritatis,
779 1394 959 1484 utrumqne
982 1389 1091 1457 femur
1111 1336 1260 1484 tragrila⁶
1281 1390 1408 1483 transji-

335 1499 439 1567 citur:
455 1498 497 1586 Q
513 1500 681 1567 Lucamus
689 1496 859 1591 ,ejusdem
873 1496 1031 1585 ordinis⁷,
1045 1494 1223 1565 fortissime
1240 1520 1409 1591 pugnans,

336 1603 416 1671 dum
443 1606 671 1674 circumvento
697 1603 767 1671 filio
789 1593 963 1692 subvenit,
984 1550 1206 1671 inlerlieitur:
1229 1604 1268 1672 L.
1282 1606 1408 1693 ·,Cotta

336 1709 425 1804 legat
425 1733 480 1798 us,
507 1726 623 1779 omnes
653 1709 809 1778 cohortes
835 1708 1034 1803 ordinesque
1067 1709 1303 1798 adhortans,
1293 1736 1329 1778 m
1357 1710 1408 1779 ad·

335 1840 469 1885 versum
491 1842 528 1884 os
535 1802 671 1885 ⁸funda
688 1814 891 1884 vulneratur.
1095 1861 1105 1874 .

387 1924 550 1991 XXXVI
578 1923 639 1990 His
658 1922 757 1991 rebus
778 1924 1012 2017 permotusQ.
1029 1922 1196 2015 Titurius,
1211 1948 1321 2044 quum
1335 1950 1408 2019 pro·

335 2027 389 2099 cul
420 2028 647 2123 Ambiorigem
675 2050 751 2097 suos
777 2029 1010 2099 cohortantem
1038 2032 1284 2125 conspexisset,
1310 2032 1407 2100 inter·

333 2148 463 2229 protem
478 2156 595 2223 suurn,
610 2138 672 2207 Cn.
692 2136 922 2231 Pompeium¹,
936 2138 1069 2206 adeum
1083 2134 1203 2205 mittit²
1201 2151 1408 2233 ,rogatum,

333 2256 372 2312 ut
396 2242 457 2311 sibi
486 2189 709 2337 militibusque
735 2257 864 2337 parcat
893 2228 979 2312 llte³
1006 2242 1190 2339 appellatus
1216 2244 1406 2340 respondit:

337 2377 355 2413 ι
369 2374 397 2419 st
389 2344 497 2419 velit
519 2374 632 2419 secum
659 2342 824 2444 colloqui,
845 2350 962 2420 licere·
954 2375 1121 2445 ,sperare
1149 2376 1171 2419 a
1199 2350 1407 2421 multitudine

332 2557 541 2633 dispositionem
551 2560 645 2613 orbem
655 2579 661 2613 ι
672 2575 743 2627 nam,
753 2572 784 2612 ut
790 2578 848 2632 sup.
937 2561 963 2613 5.
972 2560 1081 2613 Primum
1091 2562 1178 2632 pilum.
1192 2562 1293 2614 Primus
1304 2565 1408 2614 ommno

331 2638 465 2707 diximus,
476 2660 526 2693 nec
539 2658 592 2692 una
601 2640 727 2712 progredi
734 2679 743 2706 ,
750 2658 800 2693 nec
807 2660 850 2693 re·
889 2642 1026 2712 primipilus
1043 2642 1192 2713 appellatur,
1203 2643 1292 2714 inquit
1302 2642 1406 2697 Livius:

331 2719 408 2792 gredi
422 2732 554 2792 poterant.
571 2717 609 2773 Ea
625 2734 714 2773 tamen
727 2732 849 2793 recepta,
893 2738 955 2774 nam
970 2722 1058 2793 prima
1079 2722 1199 2774 centuria
1218 2725 1323 2794 primns
1340 2724 1408 2795 pilus

332 2818 389 2852 non
398 2800 574 2872 percnhortes
590 2798 784 2871 aggrediendus
792 2812 850 2853 erat
892 2802 1047 2854 vocabatur.

332 2880 432 2944 hostis,
450 2878 497 2932 sed
514 2878 626 2931 firmiter
642 2878 848 2950 exspectandus,
934 2885 961 2935 6.
978 2881 1097 2950 raguta.
1107 2882 1144 2933 V.
1158 2900 1239 2952 supra
1251 2884 1270 2935 l.
1285 2883 1315 2949 Ι,
1327 2901 1349 2936 c.
1362 2886 1406 2936 ιδ.

332 2971 359 3012 et
377 2978 439 3013 cum
456 2970 511 3011 tota
526 2958 656 3030 phalange
669 2959 847 3031 repellendus.
934 2978 961 3031 7.
979 2961 1096 3031 Ejusdem
1115 2960 1216 3015 ordinis.
1236 2962 1297 3016 Scil.
1314 2964 1407 3034 primi·
1450 2970 1453 2976 '

331 3039 366 3093 At
379 3038 482 3104 mellus,
488 3040 580 3091 nostro
585 3036 694 3109 quldem
698 3038 814 3111 judicio,
827 3041 849 3093 si
891 3040 971 3111 pilus.

330 3134 379 3191 per
391 3116 456 3172 duas
469 3118 511 3171 vel
524 3130 577 3171 tres
592 3118 659 3171 acies
670 3116 760 3172 denuo
771 3138 848 3173 cons·
934 3124 960 3175 8.
978 3120 1009 3172 In
1024 3122 1147 3172 adversum
1163 3142 1197 3174 os.
1214 3122 1246 3173 In
1264 3120 1405 3175 delendum

330 3198 848 3270 titutaphalanxsubitomotninhostem
890 3212 980 3253 censet
989 3196 1166 3273 Oudendorp.
1180 3199 1260 3256 Male.

330 3278 481 3345 insiliisset3
494 3278 541 3333 sed
556 3278 590 3333 de
602 3278 708 3333 duobus
724 3278 847 3348 ducibus,
932 3282 997 3334 Car.
1010 3281 1140 3334 XXXVI.
1158 3301 1182 3334 1.
1199 3282 1246 3335 Cn.
1258 3284 1406 3353 Pompeium,

330 3358 847 3431 unusjamanimodefecerat;alter‚etsi
891 3362 1006 3413 Ursinus
1021 3380 1037 3413 e
1055 3362 1108 3414 suis
1126 3359 1204 3414 codd.
1221 3360 1289 3415 dicit
1307 3362 1336 3415 C.
1353 3362 1406 3415 Ar·

329 3450 468 3506 strennue,
487 3452 566 3493 tantae
582 3440 722 3494 celeritatis
736 3441 847 3494 minime
886 3444 1009 3511 phasim,
1027 3440 1151 3495 eumdem
1167 3442 1213 3513 qui
1230 3438 1310 3504 (vide
1325 3460 1406 3513 supra

329 3518 480 3593 capaisuit.
495 3520 663 3587 Generatim,
677 3521 845 3586 orbicularis,
891 3538 916 3573 c.
932 3518 1090 3592 27)missus
1101 3536 1159 3575 erat
1171 3520 1205 3573 ad
1216 3521 1405 3593 Ambiorigem.

329 3618 376 3653 seu
403 3598 530 3672 quadrata
551 3600 682 3673 phalanx,
696 3602 721 3653 ei
742 3607 846 3653 tantuin
925 3599 1407 3674 n.Adenmmittit.Praeterquamquod

329 3682 454 3734 convenit
461 3682 656 3753 exercitui,qni
664 3681 845 3752 superioribus
889 3681 945 3734 haec
964 3682 1061 3753 legatio
1079 3696 1135 3735 erat
1150 3680 1245 3735 debilis
1260 3681 1406 3736 admodum

242 3831 245 3837 Ι
329 3772 463 3832 aggressus
478 3760 577 3855 copiis,
593 3762 684 3813 locum
697 3761 783 3825 tueri,
795 3780 845 3813 nec
889 3763 971 3813 animi
978 3775 1081 3834 ‚atque
1098 3763 1209 3815 minime
1229 3762 1359 3827 Romani,
1375 3780 1406 3815 ea

329 3838 451 3894 deserere
457 3840 574 3912 cogrtur
579 3838 644 3893 dum
652 3838 735 3893 modo
745 3854 844 3906 tamen,
888 3843 1035 3913 prasertim
1056 3862 1186 3896 summam
1198 3845 1285 3937 arguit
1301 3844 1406 3913 impru-

329 3922 372 3975 vel
402 3922 529 3974 auxilium
560 3936 674 3993 praesens
703 3920 786 3987 adsit,
801 3922 845 3975 vel
888 3920 1015 3976 dentiam.
1028 3924 1101 3989 Quin
1114 3925 1220 3996 potins,
1227 3925 1284 3996 ipse
1294 3926 1349 3996 jam
1361 3922 1407 3975 de·

329 3995 664 4055 saltembreviadfuturum
666 4019 740 4075 ,spes
755 4003 844 4075 aliqua
888 4012 980 4074 ceptus
994 4004 1026 4056 ab
1040 4004 1194 4076 Ambiorige
1206 4004 1310 4057 fortiter
1324 4000 1407 4056 eade·

329 4080 438 4135 eluceat.
887 4097 928 4137 ret
940 4098 1055 4137 armatus
1061 4104 1158 4156 ‚quiam
1173 4084 1262 4137 denuo
1274 4104 1301 4138 se
1312 4102 1406 4136 suum·

370 4166 396 4224 d.
412 4161 678 4218 Adhoramoctatam.
693 4160 842 4219 Secundam
887 4166 1095 4237 queexercitum
1110 4164 1215 4237 perfido
1228 4164 1367 4219 traderet?

329 4232 547 4312 pomeridianam.
742 4246 744 4253 '
922 4244 955 4298 «a
966 4246 1023 4299 sto.
1036 4245 1097 4300 Ssil.
1114 4246 1262 4300 Ambiorix.
