3000 5034
316 463 387 534 ns.
408 461 584 536 nunno
611 462 861 550 GALLICQ.
885 463 982 530 ιιι.
1010 464 1038 530 ι.
1132 482 1136 486 -
1202 491 1223 562 7

150 592 330 662 maximum
357 618 535 670 numerum
562 617 736 681 coemere3
753 607 917 667 sementes
945 618 1045 688 quam
1066 593 1226 689 maximas

148 698 272 787 faeere,
286 715 327 769 ut
339 703 375 770 in
389 703 507 770 itinere
520 701 618 794 eopia
631 699 790 768 frumenti
802 715 1011 794 suppeteret;
1025 725 1102 770 curn
1115 706 1226 799 proxi·

147 807 206 873 mis
219 808 413 878 civitatibus
426 831 545 906 paoem
564 821 598 876 et
617 808 797 884 amicitiam
815 807 1024 880 confirmare.
1039 807 1092 879 Ad
1105 832 1161 878 eas
1174 834 1227 880 res

147 911 372 984 conficiendas
390 915 562 990 biennium
582 914 644 982 sibi
657 915 736 992 satis
754 937 826 988 esse
845 913 1052 1002 duxerunt,
1043 939 1078 983 rn
1092 917 1227 984 tertium

146 1040 270 1088 annum
291 1019 535 1114 profectionem
557 1007 661 1113 lege³
680 1020 891 1090 confirmant.
911 1019 965 1090 Ad
987 1045 1044 1094 eas
1069 1045 1122 1092 res
1147 1047 1226 1092 con·

145 1113 333 1194 finiendas⁴
355 1129 536 1221 Orgetorix
562 1125 725 1220 deligitur.
753 1130 810 1214 Is,
835 1113 924 1196 ubi⁵
953 1125 1154 1222 legationem
1184 1129 1228 1200 ad
1314 1210 1321 1220 ¹

145 1231 296 1302 civitates
319 1235 482 1328 suscepit,
496 1237 531 1308 in
557 1257 598 1302 eo
619 1234 737 1303 itinere
759 1232 939 1328 persuadet
960 1236 1113 1324 Castico,
1127 1237 1227 1304 Cata·

145 1337 343 1408 mantaledis
356 1339 425 1409 filio
433 1343 630 1440 ,‚Sequeno
644 1341 698 1432 cuj
701 1365 738 1408 us
752 1355 849 1434 pater
862 1365 1005 1474 regnum
1017 1343 1053 1408 in
1066 1345 1227 1436 Sequanis

144 1442 267 1514 multos
295 1470 401 1516 annos
428 1447 635 1533 obtinuerat,
655 1459 689 1514 et
713 1471 740 1514 a
756 1440 845 1516 Sel).
865 1434 934 1516 tt⁶
955 1449 1082 1516 amicus
1113 1447 1226 1544 appel·

146 1546 229 1619 latus
260 1566 355 1641 erat,
375 1568 414 1622 ut
441 1578 581 1648 regnum
608 1555 642 1622 in
669 1549 803 1622 civitate
828 1577 888 1622 sua
913 1568 1116 1685 oecupapet,
1136 1556 1228 1648 quod

146 1670 238 1748 pater
279 1673 357 1728 ante
392 1659 617 1730 habuerat⁷:
647 1660 793 1753 itemque
818 1647 1063 1778 anurorigi⁸
1092 1660 1227 1754 AEduo,

145 1760 238 1832 fratri
255 1766 433 1856 Divitiaci,
447 1768 504 1860 qui
523 1791 564 1838 eo
583 1779 734 1862 tempore
762 1767 987 1862 principatum
1008 1768 1044 1835 in
1066 1716 1227 1837 civitate3

146 1965 240 2036 prium.
249 1967 318 2030 Quae
334 1967 419 2020 forma
432 1967 496 2039 ipsis
512 1967 592 2022 luerit
598 2006 607 2036 ,
621 1968 664 2022 in·
709 1987 725 2017 a
739 1980 824 2019 senatu
831 1968 967 2040 populoqroe
977 1987 1084 2020 romano.
1097 1968 1226 2020 Usitatio·

146 2058 245 2098 certum
263 2039 311 2098 est.
708 2066 766 2100 rem
777 2049 891 2099 formam
901 2047 1042 2100 inscientes
1052 2049 1227 2126 pranderunt

184 2125 210 2178 3.
232 2128 307 2196 Lege.
324 2125 387 2178 Non
408 2127 466 2198 lege
489 2126 663 2198 scripta,sed
707 2127 820 2181 librarii.
830 2125 1008 2180 Nostrioodd.
1016 2129 1225 2198 ueggasl’u.

145 2206 250 2276 publico
264 2207 394 2272 concilio,
406 2205 506 2262 federe
519 2220 602 2262 oerto.
748 2227 776 2278 7.
800 2207 876 2278 Quod
885 2220 958 2278 pater
974 2219 1030 2259 ante
1045 2209 1169 2261 babroemt.
1186 2209 1226 2262 Ex

183 2293 209 2350 cl.
225 2286 275 2340 Ad
287 2307 328 2340 eos
343 2307 380 2338 res
398 2285 565 2358 conficiendas.
581 2289 663 2342 Istam
706 2287 761 2340 lul.
775 2300 801 2340 et
812 2287 903 2340 multis
913 2287 987 2353 eliis,
997 2300 1070 2360 patet
1076 2287 1133 2341 haec
1144 2307 1226 2359 regna

145 2366 330 2438 repetitionem
347 2367 478 2438 ingratam
496 2369 557 2439 jure
571 2387 663 2439 repre·
706 2368 737 2418 in
755 2367 842 2420 Gallia
864 2385 920 2418 non
940 2367 1020 2419 fuisse
1041 2367 1226 2434 haereditaria,

144 2444 296 2500 henderunt
308 2447 409 2500 critici:
422 2445 495 2500 unde
506 2448 663 2502 Ciaceonins
706 2447 805 2517 quibus
819 2460 909 2499 tamen
924 2447 974 2499 lilii
987 2465 1015 2501 se
1028 2448 1131 2519 privari
1141 2449 1227 2518 grevi-

144 2525 198 2579 haeo
205 2529 289 2580 verba
298 2525 413 2580 delenda
428 2545 483 2580 esse
497 2539 604 2582 censet:
616 2527 663 2582 sed
705 2538 747 2578 ter
761 2527 889 2579 ferebant.
902 2526 1054 2598 Apopulo,
1065 2539 1096 2596 ut
1110 2527 1142 2578 fit
1154 2527 1226 2579 veri·

142 2605 210 2658 nihil
222 2608 271 2660 hle
282 2605 465 2678 superfluum
477 2621 503 2661 et
519 2609 621 2675 Cesar,
632 2621 663 2665 ut
704 2606 792 2660 simile
802 2627 818 2672 ,·
831 2604 965 2659 dabantur
985 2617 1097 2678 propter
1117 2607 1226 2677 justitie

143 2685 221 2740 docet
236 2687 342 2740 Hirtius
355 2687 386 2739 in
399 2687 476 2759 epist.
496 2686 531 2742 ud
548 2689 662 2744 Balbum
705 2699 732 2740 et
748 2685 914 2740 fortitudinis
932 2685 1097 2758 opinionem.
1110 2685 1183 2741 Gon.

141 2767 291 2837 premissa,
311 2767 329 2820 l.
350 2785 421 2832 mr,
440 2766 474 2821 de
500 2769 566 2822 Bell.
591 2769 662 2826 Gall.
747 2769 774 2822 8.
795 2767 1002 2837 Drennorigi.1n
1018 2765 1134 2821 nummis
1148 2766 1224 2838 galli·

142 2847 268 2900 testinans
283 2846 390 2917 scripsit
402 2847 482 2901 hosce
497 2862 662 2906 commente—
704 2846 742 2900 cis
756 2847 912 2902 inscribitur
922 2865 1087 2914 nossonnx,
1098 2848 1142 2900 vel
1156 2866 1226 2900 nnn-

142 2927 212 2993 rios,
233 2927 261 2979 in
279 2927 378 2998 quibus
400 2928 463 2998 styli
478 2947 585 2993 euram,
601 2919 663 3000 quse
704 2945 824 2993 noum,
840 2925 947 2995 diverso
968 2928 1121 2995 schemate,
1136 2927 1226 3000 inquit

142 3019 180 3059 est
192 3008 327 3073 listosiae,
339 3006 437 3060 frustra
447 3006 589 3063 desideres.
605 3010 661 3064 lla-
705 3007 838 3065 oberlin:
854 3026 928 3062 nune
946 3008 1022 3062 miles
1043 3007 1116 3061 aden
1135 3020 1224 3075 stans,

141 3103 201 3140 tum
223 3099 312 3140 autem
331 3087 522 3158 repetitionum
545 3089 574 3142 in
598 3098 664 3146 nesi
704 3100 817 3160 utraque
827 3107 909 3142 manu
924 3101 1005 3160 eaput
1018 3089 1167 3145 humanum
1184 3100 1223 3142 te·

141 3177 182 3219 tro
191 3180 300 3220 auctore
311 3167 584 3238 frequentissimmun
598 3163 660 3224 cau-
702 3187 783 3234 nens;
796 3187 868 3220 nunc
883 3169 959 3221 miles
974 3167 1112 3239 gradiens,
1128 3188 1225 3240 aprum

140 3264 195 3300 sem
210 3247 240 3300 h.
256 3249 275 3300 l.
297 3260 403 3300 notasse
419 3248 481 3302 satis
501 3249 543 3303 sit.
566 3249 661 3322 Cujus·
703 3247 779 3302 hasta
790 3247 907 3300 defixum
916 3260 1027 3320 gestans.
1035 3242 1107 3324 Aper
1114 3249 1223 3319 symbo-

140 3326 250 3396 quidem
265 3327 326 3380 vitii
344 3328 491 3382 immunem
514 3347 541 3382 se
560 3331 661 3400 prebet
702 3328 761 3380 lum
772 3327 937 3381 fortitudinis
944 3328 1069 3400 frequens
1079 3326 1151 3398 apud
1159 3327 1223 3380 Gal·

139 3405 224 3461 Greee.
230 3408 342 3480 interpr.
348 3406 531 3469 diemsnicri
519 3405 568 3464 di
576 3415 658 3464 ταῦτα
702 3408 742 3460 los
767 3420 794 3460 et
811 3406 944 3478 Hispanos
958 3407 986 3458 in
993 3407 1142 3472 nummis:
1158 3407 1223 3460 item

139 3480 333 3558 διαπράττειν...
336 3489 513 3542 Etinfrazt
484 3491 513 3542 el
514 3510 526 3542 ν
539 3480 663 3590 dldppe·
703 3486 1175 3553 Germanisinhonore,testeTacit.
1187 3484 1222 3540 de

140 3567 230 3638 τόρυγιι
256 3575 331 3622 votet
357 3571 571 3640 ιιιιτιργαιόμιιιν
594 3571 661 3624 ἀπο·
702 3566 741 3619 Μ.
750 3565 784 3620 G.
796 3585 819 3620 e.
829 3567 876 3630 45.
888 3567 1005 3620 occurrit
1014 3567 1222 3619 etmliomano·

138 3640 237 3710 delinea-
240 3669 274 3709 ις.
284 3647 396 3702 Oberlin
406 3649 482 3702 malit
495 3649 567 3700 adea
581 3651 660 3720 Orge-
702 3665 764 3700 rum
785 3646 876 3718 signis.
906 3647 1011 3700 Postica
1039 3659 1127 3700 autem
1159 3666 1220 3719 pars

141 3731 221 3793 tona,
242 3728 345 3783 esteris
367 3728 478 3782 omissis.
502 3729 565 3782 Non
591 3731 660 3784 mele
702 3725 972 3798 nummisupradicti
980 3727 1220 3794 habetnunnseos,

140 3805 266 3876 quidem,
281 3806 363 3860 sed'
342 3826 401 3861 erne
413 3809 577 3862 auctoritate.
701 3827 781 3870 sensu
794 3807 887 3861 dnbio.
905 3808 988 3862 Eclrel
1001 3807 1072 3861 doct.
1089 3826 1138 3863 ιιιι.
1154 3821 1218 3862 vett

181 3887 206 3940 5.
228 3889 255 3939 Is
276 3887 325 3940 uti.
344 3888 385 3943 Ita
402 3887 481 3942 codd.
498 3899 565 3961 optt.
581 3889 659 3944 Ata
701 3888 799 3954 roll,
814 3907 841 3959 p.
860 3893 895 3942 6²
914 3900 941 3941 et
955 3896 1004 3958 74.
1019 3888 1070 3958 On.

138 3965 192 4019 sibi.
209 3965 423 4040 Nostiiquoque
437 3967 517 4022 oodd.
530 3973 550 4022 is
563 3969 616 4022 sibi.
748 3987 775 4036 9.
800 3969 968 4040 Principamm
992 3972 1017 4019 in
1030 3972 1138 4020 'civetate
1164 3971 1217 4020 sud.

180 4051 206 4100 6.
228 4047 270 4100 Ει
284 4067 301 4098 a
316 4048 344 4101 S.
360 4047 393 4101 Ρ.
409 4049 442 4106 Il.
460 4051 484 4102 A
499 4061 593 4103 senstu
611 4068 661 4122 po·
702 4046 784 4102 AEdui
807 4067 863 4103 non
886 4066 977 4119 regem
995 4047 1151 4112 'habebant,
1171 4045 1219 4100 sed

138 4126 196 4196 puli
210 4128 325 4180 romani.
342 4128 383 4181 Ita
397 4129 529 4184 vetustiss.
545 4127 623 4184 codd.
633 4141 659 4184 et
702 4147 837 4204 summurn
864 4128 1047 4199 magistratum
1075 4147 1217 4193 annuum,

138 4206 242 4278 optimi.
255 4206 322 4260 Vid.
332 4209 412 4262 Briss.
428 4209 462 4263 de
473 4211 551 4262 form.
561 4210 609 4264 lib.
625 4227 657 4263 11.
703 4207 805 4262 dietum
814 4207 843 4260 V
839 4207 959 4278 ergobret,
969 4219 999 4261 ut
1006 4208 1043 4260 ait
1048 4220 1139 4260 noster
1146 4207 1217 4260 infra

141 4285 195 4340 135
212 4298 240 4340 et
254 4306 327 4360 seqq.
337 4289 475 4360 Vulgata
490 4288 517 4344 S.
532 4291 565 4343 P.
578 4291 611 4360 Q.
625 4291 657 4344 ll.
702 4307 725 4344 ο.
746 4289 830 4343 16.1s
844 4299 932 4342 autern
942 4292 1104 4361 prim'patum
1116 4284 1216 4344 dieitur
