3000 5034
269 475 339 545 DE
364 474 542 547 BELLO
568 476 822 547 GALLICO.
851 478 946 551 LIB.
975 480 1059 551 VII.
1117 480 1193 581 309

124 605 312 701 quinetiam
325 608 402 703 ipsis
413 593 610 695 remittere,
622 634 649 679 si
641 610 725 679 sibi
735 611 841 705 magis
855 610 1025 682 honorem
1033 614 1195 705 tribuere,

124 737 223 817 quom
243 714 298 781 ab
310 738 345 783 se
364 713 506 787 salutem
526 717 676 810 accipere
696 714 880 787 videantur.
903 704 1196 793 1110601110Ηί-

123 823 225 912 gatis,
243 821 364 914 inquit,
382 822 508 891 sincere
533 846 553 889 a
578 844 633 891 me
654 824 886 943 pronunciari,
907 824 1017 895 audite
1038 850 1196 899 romanos

122 924 280 995 milites.»
309 926 468 1001 Producit
494 950 629 1016 servos,
644 954 740 1023 quos
771 932 805 999 in
834 929 1044 1026 pabulatione
1079 937 1197 1029 paucis

21 1097 24 1104 .
122 1045 198 1101 ante
216 1031 334 1101 diebus
350 1047 541 1127 exceperat,
555 1049 589 1103 et
606 1034 693 1103 fame
709 1035 914 1131 vinculisque
935 1041 1192 1110 excruciaverat.

122 1139 181 1226 Hi,
189 1138 262 1231 jam
278 1152 355 1209 ante
369 1138 498 1229 edocti,
511 1164 587 1235 quae
601 1142 796 1237 interrogati
806 1145 1084 1236 pronunciarent,
1103 1148 1194 1217 «mi-

121 1241 193 1313 lites
215 1268 252 1314 se
274 1267 345 1315 esse
366 1242 563 1341 legionarios
582 1246 721 1317 dicunt:
745 1248 832 1317 fame
849 1263 883 1319 et
903 1252 1016 1346 inopia
1033 1252 1197 1323 adductos

122 1348 206 1419 clam
235 1374 278 1421 en
305 1353 421 1424 castris
445 1353 565 1440 exisse,
586 1354 614 1422 si
637 1354 717 1447 quid
741 1353 898 1423 frumenti
925 1372 984 1425 aut
1004 1360 1133 1451 pecoris
1160 1361 1196 1427 in

121 1457 207 1552 agris
235 1459 383 1553 reperire
405 1472 565 1553 possent:
590 1458 687 1529 simili
712 1484 847 1530 omnem
874 1465 1055 1531 exercitum
1083 1464 1196 1559 inopia

120 1564 245 1657 premi,
268 1588 330 1634 nec
344 1563 415 1657 jam
436 1567 523 1633 vires
541 1564 695 1633 sufficere
706 1567 879 1660 cuiquam,
897 1592 959 1637 nec
977 1568 1064 1638 ferre
1084 1573 1194 1663 operis

120 1668 293 1739 laborem⁷
307 1695 425 1766 posse:
443 1671 554 1765 itaque
571 1673 723 1741 statuisse
743 1675 997 1767 imperatorem,
1015 1676 1041 1743 si
1061 1674 1143 1743 nihil
1160 1678 1199 1744 in

119 1778 373 1872 oppugnatione
393 1777 506 1872 oppidi
526 1776 735 1871 profecisset,
759 1778 871 1848 triduo
890 1782 1070 1851 exercitum
1092 1780 1195 1850 dedu-

121 1907 207 1953 cere.
226 1872 326 1972 Haec,
342 1884 465 1977 inquit,
479 1908 498 1953 a
514 1886 868 1981 me,Vercingetorirs,
878 1886 1038 1956 beneficia
1050 1887 1199 1977 habetis,

12 2013 14 2064 ι
120 2014 223 2083 quem
238 1989 435 2083 proditionis
450 1988 666 2079 insimulatis,
682 1993 777 2086 cujus
792 2017 895 2088 opera
912 1996 982 2065 sine
994 2008 1107 2063 vestro
1122 2016 1196 2062 san·
1219 1981 1223 1989 ¹

120 2098 223 2191 guine
236 2108 367 2164 tanturn
381 2098 562 2165 exercitum
575 2090 736 2165 victorem
751 2099 840 2167 fame
854 2124 949 2195 paene
961 2113 1197 2229 consumptum

12 2193 14 2294 ᾗ
119 2202 267 2290 videtis3
289 2227 406 2296 quern,
426 2204 567 2297 turpiter
586 2227 621 2271 sc
641 2228 682 2271 ex
702 2204 767 2275 hac
788 2204 868 2299 fuga
889 2206 1101 2300 recipientem
1123 2260 1133 2295 ,
1155 2231 1197 2277 ne
1229 2200 1230 2205 ¹

120 2334 188 2403 qua
210 2310 329 2377 civitas
350 2310 417 2379 suis
436 2308 559 2378 finibus
578 2310 732 2402 recipiat,
747 2334 768 2375 a
789 2332 843 2377 me
865 2313 1037 2406 provisum
1051 2325 1110 2379 est.
1122 2340 1140 2375 i>

12 2411 13 2414 ¹
173 2416 274 2483 XXI.
303 2413 500 2484 Conclamat
518 2415 628 2483 omnis
648 2412 843 2505 multitudo,
857 2430 890 2483 et
909 2440 970 2505 suo
991 2442 1083 2483 more
1099 2419 1199 2486 armis

120 2519 341 2615 concrepat¹3
351 2520 442 2617 quod
456 2521 565 2591 facere
576 2522 611 2588 in
622 2545 662 2589 co
676 2535 896 2608 consuerunt,
907 2524 1001 2614 cujus
1014 2523 1199 2591 orationem

12 2629 13 2638 ’
120 2627 335 2724 approbant:
350 2652 517 2697 summum
527 2650 599 2697 esse
609 2628 917 2721 Vercingetorigem
930 2626 1068 2714 ducem,
1079 2651 1141 2697 nec
1157 2627 1201 2696 de

120 2736 196 2830 ejus
214 2733 282 2802 fide
302 2733 541 2823 dubitandum,
562 2758 625 2804 nec
645 2734 772 2827 majore
798 2734 926 2801 ratione
946 2731 1070 2801 bellum
1094 2732 1197 2803 adrni-

121 2842 261 2913 nistrari
275 2865 381 2936 posse.
405 2842 579 2929 Statuunt,
591 2855 631 2911 ut
643 2842 678 2909 X
691 2837 793 2909 millia
813 2840 988 2911 hominum
1000 2836 1200 2911 delecta²ex

166 3052 198 3106 5.
216 3053 287 3122 Quiri
298 3056 370 3104 etiem
381 3056 440 3123 peis
453 3055 578 3105 remittere.
593 3052 642 3105 Gr.
687 3050 769 3105 adest.
785 3052 934 3117 eetemm,
948 3050 1028 3105 simili
1043 3046 1101 3103 iere
1119 3048 1200 3102 modo

79 3199 86 3206 1
121 3133 345 3203 inter-premissis
367 3132 535 3203 σιγγιιῶσιιιι.
549 3132 643 3185 Melo:
687 3130 757 3183 dixit
773 3131 871 3184 Seneca
892 3132 1000 3184 Consol.
1016 3129 1050 3182 101
1069 3129 1199 3183 Helviam.

122 3212 198 3266 dicit
213 3210 287 3263 enim
299 3212 517 3283 Vercingetorix,
532 3232 558 3262 se
571 3216 644 3281 impe·
687 3228 746 3281 cop.
766 3228 800 3279 17
811 3212 894 3262 :Huic
905 3228 989 3280 parem
1003 3213 1118 3261 virtutem
1132 3210 1201 3260 eniti-

124 3291 273 3364 riumqrtod
288 3294 315 3343 in
328 3310 382 3343 eum
401 3292 564 3352 wnntkront,
582 3289 646 3362 ipsis
688 3290 746 3340 beas
758 3300 861 3359 oportet,
877 3299 902 3339 er
915 3292 1019 3339 animum
1033 3289 1129 3338 electu
1145 3292 1203 3339 reci·

121 3373 248 3426 libenter
256 3373 384 3433 remittere,
395 3369 646 3423 siidadenurnho-
685 3371 751 3439 pias.
768 3369 830 3419 Non
843 3380 899 3420 erat
911 3366 1054 3437 rgrtnrcur
1075 3364 1200 3418 Hermen.

122 3468 246 3516 norem,
259 3450 444 3523 potiusquam
467 3449 534 3503 td'
526 3468 647 3521 ipsorum
689 3445 1202 3540 lienclocntionemsuspectnmhaberet.

123 3533 246 3586 salutem
276 3532 410 3601 pertinere
439 3529 645 3601 suspicarentur.
705 3522 1054 3579 Cnr.XXI.1.Arreis
1068 3535 1202 3594 concrepat

125 3612 153 3664 Ο
165 3610 263 3664 virum
277 3610 383 3662 meliori
398 3623 468 3662 sorte
481 3607 606 3702 dignum!
690 3605 731 3659 td.
743 3608 799 3659 iere
808 3606 893 3662 Tacit.
903 3603 939 3656 de
946 3604 1038 3657 Germ
1048 3602 1118 3656 Mor
1124 3620 1148 3655 0
1157 3620 1202 3655 11.

170 3694 203 3744 6.
223 3690 296 3742 Hoeo.
318 3691 359 3743 lta
377 3686 456 3743 codd.
472 3703 500 3742 et
516 3690 648 3761 interpres
690 3686 809 3757 Sidisplie
809 3686 1206 3752 uitreutentiafremituaspenmw

124 3788 211 3843 grac.
226 3774 320 3823 ταῦτα.
341 3766 407 3822 8011.
429 3782 457 3822 et
473 3769 648 3835 recentiores,
692 3778 746 3828 tur,·
761 3770 799 3818 sin
811 3760 919 3837 placuit,
931 3758 1041 3833 frameas
1059 3766 1204 3814 concutiunt.

125 3849 212 3924 qnod,
223 3847 319 3901 eodem
328 3867 415 3901 ιειιιιι.
691 3848 716 3898 Α
727 3847 812 3899 Gallis
826 3858 913 3899 antem
925 3845 982 3897 hnc
992 3839 1157 3895 consuetudo
1171 3838 1205 3893 etl

172 3947 205 3999 7.
228 3928 318 3999 Operis
336 3929 449 3981 laboretis.
468 3926 574 3995 Enndi,
588 3920 650 3980 ιιιιι-Ι
692 3928 826 3980 Romanos
838 3924 1030 3997 posterioribus
1040 3920 1205 3993 temporibus

124 4006 245 4073 niendi,
259 4007 433 4081 oppugnandi
445 3964 600 4061 molestiein.
609 4008 648 4059 Μ.
691 4006 828 4079 pervenit,
838 4017 868 4057 ut
879 4002 986 4059 videtur
1000 3998 1073 4074 e'pud
1087 4000 1204 4053 Animis·
1209 4067 1229 4083 w

125 4092 204 4145 8
218 4086 252 4141 Se
265 4108 297 4142 ex
312 4088 358 4140 leat
366 4089 433 4158 suga
448 4089 603 4157 recipientem.
616 4087 650 4138 In
693 4104 768 4140 num.
784 4086 855 4137 Gon.
1236 4079 1240 4089 ’

126 4166 274 4225 nonnrillm
282 4165 362 4222 codri
370 4166 443 4223 deest
451 4169 506 4221 100
514 4166 651 4221 innostris
737 4186 762 4220 s.
774 4165 884 4219 Deiecto.
901 4160 997 4215 Deleeti
1013 4159 1111 4217 rectius
1123 4118 1204 4215 nabet

948 4252 1019 4341 20³
