3000 5034
297 453 342 536 14
444 453 481 519 C.
510 451 652 522 JULll
681 451 917 523 CAESARIS
945 455 1221 525 COMMENT.

294 613 312 648 <c
325 581 477 678 exemplo
491 583 503 622 ⁷
520 582 637 677 populi
656 586 785 652 romani
803 610 900 679 posse
919 588 982 656 iter
1001 585 1059 655 ulli
1076 613 1138 682 per
1153 586 1368 656 Provinciam

286 689 384 777 dare3
398 703 449 777 et,
458 692 485 758 si
498 692 566 758 vim
580 690 691 758 facere
707 707 888 781 conentur,
902 693 1150 788 prohibiturum
1164 680 1363 766 ostendit⁸.»

283 794 449 885 Helvetii,
466 821 507 865 ea
528 819 586 892 spe
609 796 745 890 dejecti,
761 798 901 868 navibus
918 801 1043 893 junctis
1061 800 1253 895 ratibusque
1273 826 1367 870 com-

285 901 438 996 pluribus
455 897 582 991 factisl,
598 902 652 971 alii
665 903 759 974 vadis
768 903 792 928 ¹⁰
808 905 981 996 Rhodani,
996 932 1063 1002 qua
1073 908 1212 975 minima
1224 905 1367 977 altitudo

285 1008 431 1080 lluminis
452 1025 545 1099 erat,
563 1035 805 1104 nonnunquam
831 1013 993 1101 interdiu,
1013 1015 1133 1109 saepius
1156 1029 1276 1101 noctu,
1295 1015 1322 1082 si
1340 1011 1366 1037 ¹¹

284 1141 501 1211 perrumpere
530 1132 683 1212 possent,
699 1119 828 1206 conati,
846 1121 956 1214 operis
979 1121 1164 1190 munitione
1183 1118 1206 1144 ¹²
1224 1135 1259 1189 et
1277 1118 1365 1189 mili-

284 1237 356 1291 tum
377 1247 544 1292 concursu
561 1238 595 1293 et
612 1222 685 1292 telis
707 1223 848 1320 repulsi,
863 1227 929 1296 hoc
948 1242 1073 1296 conatu
1093 1227 1298 1296 destiterunt.

336 1332 397 1398 IX.
409 1329 673 1424 Relinquebatur
685 1355 751 1399 una
760 1357 828 1426 per
842 1335 1013 1427 Sequanos
1026 1336 1098 1422 via,
1111 1357 1194 1428 qua,
1204 1333 1367 1426 Sequanis

281 1437 412 1524 invitis,
426 1453 564 1533 propter
582 1439 751 1532 angustias
770 1439 818 1507 ire
840 1465 908 1507 non
928 1454 1092 1534 poterant.
1113 1441 1174 1507 His
1187 1464 1291 1532 quum
1304 1463 1367 1508 sua

283 1557 402 1638 sponte
418 1541 426 1566 ¹
444 1543 644 1638 persuadere
666 1570 735 1613 non
753 1561 906 1639 possent,
920 1544 1046 1638 legatos
1063 1544 1106 1612 ud
1119 1547 1367 1639 Dumnorigem

282 1650 428 1719 AEduum
441 1654 594 1738 mittunt,
607 1664 659 1738 ut,
677 1675 718 1719 eo
735 1650 983 1744 deprecatore²,
998 1675 1018 1718 a
1031 1652 1192 1743 Sequanis
1204 1651 1366 1745 impetra-

282 1771 357 1826 rent
372 1742 393 1824 ³.
413 1758 604 1825 Dumnorix
623 1757 731 1849 gratia
748 1745 973 1849 et'largitione
991 1755 1082 1851 apud
1097 1757 1268 1849 Sequanos
1287 1756 1366 1852 plu·

282 1865 404 1930 rimum
425 1876 573 1956 poterat,
589 1876 623 1930 ct
644 1860 804 1930 Helvetiis
825 1875 898 1930 era't
919 1864 1062 1951 amicus,
1080 1862 1170 1956 quod
1194 1887 1235 1931 ex
1256 1888 1297 1932 ea
1314 1867 1366 1932 ci·

280 1970 383 2036 vitate
397 1969 605 2062 Orgetorigis
619 1967 722 2038 filiam
739 1970 775 2035 in
792 1970 1042 2037 matrimonium
1060 1969 1200 2038 duxerat
1212 1955 1236 2057 ⁴,
1250 1984 1285 2039 et
1302 1995 1365 2040 cu·

267 2073 419 2169 ,piditate
426 2077 520 2169 regni
529 2074 692 2143 adductus
706 2077 802 2143 novis
810 2075 909 2144 rebus
923 2075 1089 2164 studebat,
1103 2091 1137 2144 et
1150 2099 1251 2170 quam
1262 2075 1366 2171 pluri·
1387 2067 1392 2076 ⁷

169 2229 171 2232 -
280 2205 352 2254 mas
367 2183 517 2251 civitates
533 2207 593 2250 suo
609 2181 671 2250 sibi
683 2181 846 2251 beneficio
861 2167 1008 2251 ⁵babere
1024 2182 1200 2252 obstrictas
1217 2181 1363 2253 volebat.

279 2292 397 2382 Itaque
417 2313 489 2356 rem
505 2290 660 2383 suscipit,
678 2303 711 2357 et
729 2312 749 2356 a
768 2291 928 2383 Sequanis
946 2292 1120 2384 impetrat,
1138 2305 1177 2359 ut
1194 2315 1255 2384 per
1273 2289 1359 2359 fines

281 2397 361 2496 suos'
382 2394 552 2495 Helvetios
583 2397 631 2464 ire
659 2397 846 2491 patiantur,
871 2395 1068 2493 obsidesque
1095 2398 1144 2465 uti
1170 2398 1257 2464 inter
1284 2421 1359 2465 sese

322 2642 348 2694 7.
365 2623 398 2677 Se
413 2643 477 2676 more
491 2635 517 2675 et
529 2625 644 2695 exemplo.
657 2623 700 2677 Sic
710 2624 796 2677 Tacit.
841 2624 946 2674 cantibus
957 2623 1035 2685 nobis,
1048 2607 1083 2684 et,
1097 2626 1121 2673 si
1131 2623 1266 2695 quidforte
1278 2624 1358 2676 Roma

280 2703 517 2769 H.t.1,18:more
527 2705 798 2773 angustiatam-
840 2708 903 2755 novr'.
919 2705 986 2755 Dav.
1368 2756 1374 2760 ,

277 2784 321 2854 plo
332 2785 438 2837 militari.
450 2783 521 2836 Male
531 2783 658 2836 Hotman.
672 2785 770 2852 injussu.
884 2800 928 2835 η.
943 2785 1020 2853 operis
1042 2786 1178 2833 mitione.
1195 2781 1276 2834 Mure
1297 2783 1356 2836 scil.

322 2864 348 2916 8.
361 2863 482 2917 Ostendit.
495 2863 670 2934 Significavit,
682 2861 798 2914 declara·
840 2861 909 2914 fossa
924 2873 950 2914 et
973 2861 1098 2927 castellis,
1109 2859 1144 2914 dc
1158 2862 1255 2933 quibus
1274 2864 1357 2934 paulo

280 2942 328 2996 vit.
348 2944 454 2996 Terent.
471 2943 593 2996 Eunucb.
611 2943 646 2995 V.
665 2961 691 3011 9.
710 2941 756 3010 59.
840 2953 901 2993 ante
916 2940 1026 2994 dixerat.
1042 2941 1117 2994 Mon.

178 3036 181 3042 '
322 3039 348 3092 9.
371 3023 517 3095 flatibusque
539 3021 697 3094 compluribus
710 3023 796 3089 sactis.
880 3022 946 3075 Car.
961 3022 1010 3074 lx.
1024 3039 1049 3073 1.
1065 3020 1116 3074 Sua
1129 3037 1219 3094 sponte.
1232 3021 1284 3075 Per
1297 3041 1333 3075 sc.

219 3099 223 3117 ¹
280 3105 376 3171 Ratae,
388 3103 508 3166 rodem,
523 3108 598 3155 mins
608 3102 638 3154 de
649 3101 708 3154 bois.
724 3100 798 3173 quod
884 3119 909 3154 s.
928 3103 970 3154 Eo
983 3101 1142 3173 deprecatore.
1156 3101 1311 3173 Prepositio
1325 3103 1356 3153 de

280 3185 399 3256 primum
420 3184 471 3236 fuit
492 3183 592 3254 navigii
613 3199 713 3254 genus,
731 3194 798 3235 teste
840 3182 944 3234 nomini
965 3181 1088 3254 adjuncta
1107 3181 1309 3253 adaugendum
1328 3194 1355 3235 et

281 3265 351 3317 Plin.
367 3265 461 3329 l..v11,
476 3275 503 3316 et
522 3263 635 3317 Diodor.
651 3263 720 3316 Bibl.
736 3263 755 3315 l.
770 3279 796 3315 v.
841 3261 1032 3316 cumulandum
1045 3263 1131 3330 valet,
1145 3275 1177 3314 ut
1192 3261 1270 3315 docet
1284 3260 1355 3316 Gell.

281 3344 370 3398 Hodie
397 3346 477 3398 etiam
496 3345 674 3398 necessarium
700 3355 727 3396 et
751 3361 798 3414 ap·
842 3342 987 3396 Noctdtt.
1003 3343 1044 3409 L,
1058 3361 1104 3409 π,
1118 3345 1198 3396 c.16.
1215 3343 1302 3407 Quam
1318 3342 1356 3394 si·

281 3426 399 3497 positum
414 3424 448 3479 td
463 3423 671 3480 dimetiendos
685 3423 798 3490 milites,
841 3423 1039 3494 gnificationem
1050 3424 1094 3476 hic
1109 3422 1224 3485 obtinet,
1237 3434 1268 3474 ut
1283 3420 1356 3491 apud

282 3519 367 3577 quum
379 3505 508 3560 naviculae
523 3503 627 3559 desunt.
841 3503 950 3557 Petron.
962 3504 991 3556 in
1003 3516 1084 3573 satyr.
1097 3521 1119 3555 c.
1130 3503 1176 3555 do.
1187 3503 1255 3552 st.
1265 3500 1355 3571 Vulgo

327 3603 371 3638 ro.
383 3587 492 3638 Narr'bus
504 3585 650 3658 modusque,
664 3583 798 3636 aliivadr's.
841 3583 987 3653 deprecator,
1006 3583 1053 3651 qui
1070 3599 1118 3634 reo
1133 3579 1290 3651 deprecatur
1308 3599 1356 3634 ve·

283 3665 324 3716 Ita
335 3663 414 3718 codd.
426 3666 462 3717 ita
478 3664 566 3716 Daris.
580 3677 607 3716 et
621 3661 797 3732 Oudendorp.
840 3661 921 3714 niam.
935 3661 963 3712 h.
979 3661 997 3712 l.
1014 3660 1180 3730 simpliciter,
1193 3671 1241 3724 ut,
1256 3677 1285 3710 eo
1297 3678 1356 3731 pre-

284 3743 381 3815 vulgut.
396 3763 450 3796 nav.
470 3743 605 3815 ratibusque
620 3743 675 3802 alii,
693 3742 738 3792 αἰεί
750 3759 799 3790 oa·
841 3751 924 3802 cante,
939 3738 1080 3791 transitum
1092 3739 1274 3810 impetrarent.

284 3823 330 3876 dis.
343 3825 378 3875 At
390 3825 447 3886 alii,
457 3821 499 3875 bis
509 3819 631 3874 hocloco
641 3820 798 3890 repetitum,
870 3818 1159 3890 3.Impetmnnt.Vulgo
1166 3819 1355 3890 bocpraemitti·

284 3919 340 3956 non
352 3902 418 3956 utile
432 3915 479 3956 est.
840 3908 894 3952 tur.
909 3895 1084 3970 Oudendorp.
1103 3897 1214 3964 delevit,
1229 3917 1261 3952 ex
1276 3897 1355 3953 codd.

292 4017 295 4022 ·
329 4001 373 4036 Π.
388 3983 451 4036 Si...
458 3993 564 4054 possent.
579 3981 686 4033 Terent.
702 3979 798 4031 Heaut.
883 3985 909 4041 d.
924 3977 1077 4049 Orgetorigis
1081 3977 1162 4050 filiam
1172 3979 1282 4032 dam.
1293 3977 1356 4032 vide

285 4064 343 4116 Act.
351 4081 371 4115 1.
384 4063 547 4128 scen.1,118
558 4063 678 4115 :visumst
683 4058 748 4110 domi
754 4071 797 4110 est.
841 4075 920 4130 supra
930 4075 987 4129 cap.
1006 4059 1033 4112 3.

286 4143 322 4196 Si.
334 4144 362 4196 b.
374 4161 398 4196 e.
410 4161 451 4195 an.
464 4143 520 4194 Cic.
531 4139 611 4195 Acad.
624 4141 722 4206 Quest.
734 4139 756 4192 L
773 4157 797 4191 1.
884 4138 910 4192 5.
927 4138 977 4191 Suo
986 4140 1033 4191 sibi
1041 4138 1160 4209 beneficio.
1173 4140 1205 4190 In
1219 4139 1355 4191 nonnullis

285 4223 336 4276 Hic
348 4242 428 4295 pauca
442 4225 538 4293 primo,
553 4233 625 4293 atque
642 4239 670 4279 eq
683 4237 800 4289 percunc-
841 4217 920 4272 codd.
930 4217 1064 4272 dcestsr'br'.
1074 4222 1110 4272 At
1120 4218 1295 4281 necessarium
1306 4229 1353 4272 est.
