3000 5034
308 460 378 529 on
404 460 581 529 annno
608 458 858 529 cnnmco.
887 430 983 529 nro.
1012 462 1126 531 vni.
1183 462 1260 559 439

183 594 242 666 dit.
255 594 335 683 Quo
349 616 454 687 quum
466 590 675 679 adventaret,
683 605 784 687 atque
797 617 838 663 ex
851 594 989 687 captivis
1001 596 1124 665 certius
1137 619 1260 691 cogno-

183 715 302 788 sceret,
313 698 425 769 multis
440 698 614 770 bominum
628 696 803 768 millibusa
814 702 1004 789 Dumnaco,
1012 700 1097 770 duce
1104 702 1263 792 Andium,

184 808 366 879 Duratium
392 804 542 878 clausum
564 806 707 873 Lemoni
732 792 961 901 oppugnari³;
982 832 1089 901 neque
1112 808 1261 879 infirmas

183 912 330 1008 legiones
345 913 496 983 hostibus
512 914 721 983 committere
739 912 898 1001 auderet3
913 929 1023 986 castra
1037 917 1167 985 munito
1185 913 1261 987 loco

73 1039 78 1050 ’
183 1022 304 1117 posuit
317 1022 645 1113 Dumnacus,quum
661 1021 930 1115 appropinquare
942 1023 1119 1091 Caninium
1137 1047 1260 1117 cogno-

184 1129 305 1215 visset,
326 1128 431 1223 copiis
448 1126 603 1197 omnibus
623 1125 665 1197 ad
686 1124 831 1221 legiones
848 1100 1038 1215 conversis,
1060 1143 1169 1197 castra
1191 1130 1258 1199 Ro·

182 1256 361 1304 manorum
371 1256 566 1370 oppugnare
579 1233 729 1304 instituit
743 1235 859 1323 Quum
869 1232 1058 1329 complures
1071 1235 1140 1305 dies
1152 1238 1186 1304 in
1200 1262 1262 1331 op-

183 1342 388 1435 pugnatione
417 1342 885 1435 consumpsisset,et,magno
897 1366 1034 1411 suorum
1043 1341 1263 1432 detrimento,

182 1445 307 1517 nullam
331 1461 461 1541 partem
482 1448 707 1518 munitionum
728 1446 915 1519 convellere
942 1445 1125 1541 potuisset,
1146 1475 1262 1520 rursus

181 1553 224 1626 ad
245 1552 466 1625 obsidendum
487 1556 678 1625 lenonum
697 1552 793 1623 redit.

234 1662 380 1735 XXVII.
407 1658 537 1733 Eodem
556 1675 707 1754 tempore
722 1662 761 1729 C.
783 1660 904 1731 Fabius
925 1658 1053 1755 legatus
1071 1658 1261 1755 complures

181 1768 332 1837 civitates
352 1769 387 1835 in
412 1766 516 1837 fidem
540 1767 681 1861 recipit,
706 1766 877 1837 obsidibus
905 1764 1017 1837 firmat
1032 1765 1054 1857 ¹,
1079 1766 1261 1862 litterisque

182 1876 221 1943 C.
234 1875 366 1958 Caninii
381 1874 419 1944 {it
433 1877 574 1963 certior,
591 1875 714 1969 quaein
732 1873 924 1943 Pictonibus
943 1888 1111 1969 gerantur.
1128 1874 1259 1963 Quibus

181 1976 282 2051 rebus
294 1980 677 2075 cognitis,proficiscitur
686 1980 727 2052 ad
738 1973 895 2051 auxilium
905 1982 1048 2051 Duratio
1061 1976 1257 2049 ferendum.

180 2088 226 2155 At
247 2089 461 2176 Dumnacus,
478 2088 625 2157 adventu
645 2085 738 2155 Fabii
764 2091 921 2182 cognito,
942 2087 1116 2183 desperata
1137 2086 1260 2176 saluto,

99 2197 101 2203 ’
182 2194 209 2263 si
231 2192 349 2263 eodem
369 2206 520 2289 tempore
542 2208 678 2263 coactus
705 2208 791 2263 esset
811 2209 845 2261 et
866 2196 1056 2264 Romanum
1084 2209 1259 2267 externum

182 2301 344 2371 sustinere
362 2285 525 2389 hostem³‚
547 2312 581 2371 et
602 2301 765 2394 respicere
788 2324 826 2367 uc
848 2302 964 2369 timere
985 2298 1189 2399 oppidanos,
1209 2324 1260 2369 rc·

225 2528 288 2584 &A
294 2528 433 2593 Dumnaco,
443 2528 632 2591 mnium,
644 2528 698 2581 Du·
742 2548 784 2601 ap.
802 2528 867 2583 Caes.
883 2540 987 2602 tempus,
1000 2531 1065 2593 dr'es,
1084 2533 1112 2583 in
1126 2533 1213 2603 aliqua
1229 2547 1258 2589 re

182 2612 270 2662 ratium
299 2611 406 2663 clausum
433 2612 529 2663 laemoni
553 2607 695 2681 oppugrmri.
740 2626 883 2663 consumere.
918 2622 923 2631 ’

182 2690 280 2743 Nullus
290 2684 350 2743 cod.
365 2690 435 2745 banc
443 2692 503 2745 lect.
513 2688 643 2761 integram
655 2708 698 2742 ex-
782 2690 847 2743 Cir.
858 2688 1255 2761 xxvl1.1.0nrnsusfimn.
1337 2722 1339 2731 .

181 2768 265 2824 hibet
277 2766 409 2824 lnmultis
418 2768 492 2824 deest
504 2769 659 2842 propositio
671 2790 696 2823 α.
740 2769 815 2823 Datis
831 2768 985 2836 obsidibus,
1001 2782 1092 2837 emet,
1111 2771 1210 2837 effluit,
1226 2782 1257 2827 nt

182 2846 235 2903 Sed
258 2861 330 2904 extat
356 2851 386 2904 in
407 2864 500 2905 nostro
524 2870 578 2922 reg.
610 2850 695 2921 576³.
740 2847 835 2903 infide
849 2852 980 2904 maneant.

183 2928 299 2982 Maxima
311 2946 372 3003 pars
380 2928 459 2983 codd.
474 2930 630 3003 etvulgata,
640 2931 697 2983 Du·
783 2950 808 2983 a.
821 2924 869 2983 Ae
881 2932 997 2983 auxilium
1004 2931 1111 2982 Duratio
1119 2931 1255 2999 ferendum.

182 3013 270 3062 ratim
281 3010 400 3073 clausurn,
411 3010 540 3063 lemarum
552 3014 695 3081 oppugnati.
741 3008 942 3077 Codd.varlant;
951 3010 1024 3063 unde
1032 3011 1107 3064 ulcus
1114 3012 1196 3065 latere
1203 3027 1259 3065 sus-

182 3088 262 3143 Ratio
273 3090 444 3161 grammatica
453 3090 570 3162 postulat
583 3103 613 3142 nt
626 3090 697 3161 lega·
739 3090 844 3161 picatnr
857 3090 1075 3162 Oudendorpius.
1083 3092 1124 3143 Al.
1136 3092 1183 3145 Ad
1190 3096 1259 3143 aaut·

183 3188 260 3236 mus,
278 3170 322 3224 vel
350 3176 376 3223 in
398 3168 516 3232 lemano,
541 3169 583 3223 vel
607 3170 698 3241 potius
741 3170 1030 3245 liuDumtr'sereudum:
1043 3171 1111 3223 male
1128 3172 1255 3237 omnino,

183 3250 290 3303 Lemoru.
306 3249 342 3303 Et
354 3252 391 3304 ita
405 3249 557 3303 emendavit
570 3248 696 3303 Oudend.
740 3250 792 3302 nisi
806 3268 857 3321 pro
877 3252 1046 3322 supposititio
1067 3267 1161 3304 vocem
1171 3252 1257 3319 feren·

181 3330 271 3383 Danis.
284 3330 388 3402 legebat
399 3332 510 3393 Limone,
521 3341 571 3383 eeu¹
579 3331 695 3392 Lemom,
740 3328 797 3381 dum
811 3330 890 3383 obelo
902 3330 1071 3382 transfixeris.
1082 3324 1123 3384 Al.
1135 3332 1190 3383 iere
1201 3348 1259 3383 om·

183 3428 216 3462 ex
230 3408 291 3463 cod.
306 3410 415 3464 Norvic.
427 3423 458 3463 ut
471 3412 505 3464 sit
515 3427 614 3463 nomen
623 3410 698 3463 urbis
740 3428 787 3462 nes
804 3428 810 3462 :
828 3411 864 3461 ad
877 3411 993 3462 auxilium
1009 3411 1103 3462 Durati
1105 3410 1234 3477 serendum
1249 3426 1256 3463 ι

182 3502 242 3542 tert.
259 3488 382 3544 declinat.
395 3488 538 3563 Perperam
547 3510 554 3543 ε
564 3507 626 3542 nam
637 3508 696 3560 sup.
740 3490 851 3556 melius,
859 3488 1006 3541 dummodo
1016 3506 1129 3561 reponas
1141 3490 1257 3557 Duratio,

182 3570 279 3640 legitur
299 3570 425 3623 insonum
447 3590 494 3624 scu
521 3568 694 3632 Lemonum-t,
740 3570 783 3621 vel
794 3567 881 3622 deleas
884 3570 1020 3637 fhrendum.
1034 3569 1258 3643 Forsangenuins

181 3666 232 3703 see.
245 3648 343 3704 declin.
355 3648 565 3723 Oudendorpius
576 3668 632 3702 non
646 3648 697 3702 im·
739 3648 820 3701 lectio
844 3662 883 3702 est
902 3650 938 3701 ud
950 3651 1066 3701 auxilium
1081 3650 1173 3702 Durati
1181 3690 1187 3711 ‚
1206 3668 1257 3721 pro

182 3730 313 3801 probabat
323 3730 480 3797 Lemouo,nt
489 3748 568 3803 supra
579 3729 627 3783 lib.
641 3746 698 3794 vn,
741 3728 855 3792 Durotii,
870 3742 900 3782 nt
916 3746 1009 3801 supra,
1022 3749 1049 3795 v,
1065 3734 1113 3797 48,
1126 3734 1255 3783 cannuenis

181 3828 205 3861 c.
227 3810 285 3876 32,
304 3810 413 3864 Arenio
432 3822 597 3867 commorans.
622 3807 698 3863 Nihil
741 3810 826 3861 salutis
838 3809 974 3862 auxilium.

181 3889 349 3945 mutandum.
784 3890 1000 3945 Hellomenon
1011 3892 1256 3941 externumsusiinere

222 3976 250 4033 i.
272 3971 304 4024 Iu
329 3974 515 4042 oppugnatione.
540 3968 699 4043 Gryphiana
741 3971 839 4024 inuitem.
851 3970 915 4023 Hune
923 3983 962 4023 est
971 3966 1123 4023 emendatio
1133 3969 1258 4043 scaligeri

181 4047 263 4103 editio
271 4063 298 4104 et
304 4050 408 4104 Manui.
416 4053 625 4123 oppugnatum
634 4050 700 4103 lieo·
741 4068 775 4104 ex
790 4050 919 4106 sententia
933 4047 1078 4115 Humani,
1092 4050 1204 4121 quibus,
1222 4050 1259 4119 ait

182 4130 234 4182 tius
241 4130 311 4184 sorte
321 4150 327 4185 :
339 4145 365 4184 et
378 4133 414 4183 ita
426 4148 533 4203 quoque
538 4142 629 4184 noster
637 4126 697 4183 cod.
742 4128 878 4189 Oudend„
887 4131 1065 4201 sulbagantnr
1080 4128 1150 4183 And.
1168 4130 1257 4183 Onon}

185 4210 259 4278 5764
285 4213 373 4265 habet.
394 4210 496 4265 Temen
521 4209 638 4265 solemne
661 4219 699 4263 eet
742 4210 825 4265 Palat.
841 4210 968 4289 Daunii.
995 4223 1021 4263 et
1048 4208 1123 4266 editt.
1154 4211 1256 4285 primae.

920 4422 923 4427 Ι
1001 4304 1072 4389 28⁴
