3000 5034
261 522 337 620 390
393 527 603 596 C..JULII
636 524 873 594 GAESARIS
907 522 1179 593 COMMENT.

258 656 326 726 huc
349 660 569 729 concurritur.
588 660 820 727 Romanorum
842 678 960 725 manus
977 657 1077 725 tantis
1098 654 1343 726 munitionibus

261 762 438 851 distinetur
452 820 462 854 ,
476 790 539 835 nec
559 762 655 834 facile
677 762 829 859 pluribus
851 762 932 833 locis
952 766 1109 833 occurrit.
1130 761 1278 833 Multum
1297 760 1340 829 ad

261 871 434 946 terrendos
448 888 582 942 nostros
594 870 699 940 valuit
716 870 861 959 elamor,
875 872 931 965 qui
945 884 1022 964 post
1035 884 1167 967 tergum
1186 893 1339 965 pugnan-

262 977 351 1046 tibus
372 980 515 1067 enstitit,
577 978 621 1048 od
643 1003 740 1048 suurn
763 976 949 1073 perieulum
964 978 999 1045 in
1017 974 1125 1047 aliena
1142 977 1258 1046 vident
1276 977 1342 1044 vir·

262 1096 334 1152 tute
356 1088 573 1155 consistere:
600 1086 713 1155 omnia
737 1086 827 1153 enim
856 1083 1073 1179 plerumque,
1096 1110 1169 1182 quae
1198 1083 1342 1171 absunt,

152 1253 154 1260 ,
262 1190 491 1261 vehementius
508 1194 683 1262 hominum
705 1205 835 1261 mentes
853 1190 1060 1285 perturbant.

318 1299 492 1369 LXXXV.
521 1294 634 1369 Caesdr
651 1299 809 1369 idoneum
827 1297 939 1367 locum
962 1311 1098 1381 nactus,
1113 1292 1191 1386 quid
1212 1318 1344 1389 quaque

265 1402 301 1470 in
321 1420 418 1498 parte
439 1421 593 1500 geratur,
616 1407 810 1500 cognoscit,
832 1404 1060 1474 laborantibus
1087 1398 1244 1469 auxilium
1267 1402 1344 1470 sub-

262 1510 392 1578 mittit¹.
415 1514 575 1606 Utrisque
603 1512 647 1580 ad
674 1514 833 1580 animum·
849 1512 1013 1597 occurrit,
1032 1533 1136 1578 unum
1160 1506 1242 1577 illud
1274 1533 1346 1579 esse

266 1629 416 1711 tempus,
433 1644 501 1713 quo
519 1619 663 1687 maxime
682 1618 839 1688 contendi
856 1619 1042 1687 conveniat.
1062 1612 1168 1702 Galli,
1183 1616 1246 1684 nisi
1269 1640 1343 1710 per·

182 1743 185 1748 ·
266 1720 427 1817 fregerint
440 1726 661 1811 munitiones,
675 1724 717 1793 de
734 1726 831 1793 omni.
845 1724 949 1805 salute
968 1724 1146 1818 desperant
1161 1746 1169 1788 :
1183 1723 1345 1810 Romani,

267 1830 295 1897 si
313 1854 383 1897 rem
405 1830 612 1901 obtinuerint
620 1828 644 1920 ²,
656 1831 758 1900 finem
786 1833 936 1903 omnium
965 1830 1118 1898 laborum
1140 1843 1344 1924 exspectant.

268 1936 415 2004 Maxime
437 1937 479 2004 ad
501 1938 689 2031 superiores
706 1939 908 2007 munitiones
929 1936 1118 2024 laboretur,
1137 1960 1204 2029 quo
1213 1938 1345 2031 Verge-

268 2040 446 2109 sillaunum
463 2046 604 2111 missum
622 2043 1125 2138 demonstravimus.'Exiguum
1146 2041 1211 2112 loci
1228 2042 1272 2111 ad
1290 2042 1346 2111 de·

268 2145 447 2217 olivitatem
462 2140 629 2245 fastigium
645 2174 805 2245 magnum
823 2150 926 2221 habet
939 2134 1176 2220 momentum³.
1200 2148 1266 2217 Alii
1283 2147 1347 2218 tela

312 2354 339 2403 6.
359 2349 435 2419 Quod
445 2369 512 2401 suum
520 2350 655 2420 periculum
665 2355 691 2401 ire
703 2352 783 2401 abiline
874 2351 899 2404 3.
908 2349 1034 2419 Exiguum
1040 2350 1089 2399 loci
1093 2348 1129 2399 ad
1132 2348 1291 2399 declivitatem
1293 2349 1349 2415 fas·

269 2430 357 2481 uident
370 2433 462 2481 uirtute
477 2432 612 2482 consistere.
620 2428 710 2495 Idest,
721 2432 785 2501 quia
833 2432 917 2499 tigium
927 2446 1040 2499 maguum
1047 2428 1120 2479 babet
1127 2428 1348 2481 momentumsen·

270 2528 328 2562 non
340 2522 453 2582 possunt
465 2510 517 2581 ipsi
536 2510 662 2562 omnibus
676 2510 706 2561 in
720 2510 787 2563 locis
829 2528 875 2563 sus
891 2510 1024 2580 est:quia
1045 2508 1159 2561 Romani
1181 2508 1210 2559 in
1232 2507 1348 2573 declivi,

271 2587 526 2660 adesse,nequetum
534 2590 689 2661 semetipsos
697 2587 789 2642 defen·
832 2587 946 2659 ideoque
961 2590 1056 2660 iniquo
1069 2590 1129 2642 loco
1144 2601 1228 2640 eastra
1243 2600 1270 2641 et
1288 2607 1348 2641 rnu-

272 2666 788 2741 dere‚intellig1mtubaliorumvirtute
831 2669 948 2723 titiones
975 2670 1107 2721 instruere
1127 2669 1213 2721 coacti
1243 2669 1349 2721 fueram

271 2747 405 2821 pendere,
419 2762 512 2801 utrum
527 2750 581 2802 sint
595 2750 699 2802 evasuri
715 2751 789 2820 peri·
832 2760 944 2821 propter
958 2749 1034 2801 collis
1055 2768 1135 2821 supra
1156 2749 1313 2814 memorati,
1324 2766 1347 2801 c.

273 2830 379 2891 culum,
395 2846 488 2882 necne.
501 2829 540 2881 M.
556 2828 625 2894 Alii,
640 2830 711 2881 inter
721 2847 788 2901 quos
834 2829 888 2894 83,
904 2827 1134 2901 magnitudinem,
1148 2828 1246 2900 etquis
1259 2830 1348 2882 hostes

273 2919 364 2961 noster
373 2906 433 2961 oud.
452 2909 528 2977 5763
538 2946 547 2973 ,
559 2921 586 2961 et
601 2910 693 2978 ⁵764,
703 2909 737 2962 ab
747 2928 789 2961 se·
834 2928 848 2960 e
864 2909 932 2963 colle
948 2909 1079 2961 irruentes
1093 2909 1243 2980 superiores
1257 2921 1349 2973 erant,

273 2986 362 3040 cunda
375 3006 472 3052 manu,
489 2988 590 3040 habent
605 2990 696 3051 salute,
714 2988 795 3059 <ruod¹
833 2987 1014 3059 ideumagnum
1022 2989 1349 3051 babebatmomeutum,erst

273 3065 369 3120 eodem
382 3066 463 3120 redit.
479 3069 513 3119 ln
522 3080 563 3120 tot
574 3069 642 3121 locis
651 3068 790 3124 erantdis·
833 3069 923 3139 magni
936 3070 1080 3134 momenti,
1095 3069 1175 3139 hujus
1189 3069 1243 3123 loci
1255 3068 1349 3123 deten-

273 3146 381 3199 tribuue
391 3148 518 3219 legiones,
525 3160 553 3201 et
559 3148 715 3201 totinlooos
723 3149 788 3201 Gal·
834 3149 889 3215 sio,
910 3150 1012 3201 etalem
1030 3150 1119 3219 plena.
1135 3150 1227 3203 Nostri
1243 3148 1349 3203 codices

272 3227 362 3279 lorum
370 3229 524 3299 eruptiones
536 3228 686 3295 fleuerunt
699 3232 789 3301 cujus·
833 3241 861 3281 et
879 3229 923 3281 alii
937 3230 1064 3300 permulti
1077 3229 1178 3281 habent
1186 3233 1294 3302 iniquior
1303 3231 1351 3281 loci

273 3325 326 3378 que
339 3307 408 3360 salus
421 3309 533 3380 legionis
545 3307 689 3381 penderet,
699 3310 743 3363 vel
756 3310 789 3361 ab
833 3308 869 3360 ad
879 3309 1036 3363 declivitatem
1043 3311 1183 3379 fastigium.
1203 3310 1266 3361 Non
1281 3310 1349 3361 mule

273 3387 359 3440 aliena
373 3388 490 3456 virtute,
505 3389 562 3442 scil.
579 3409 593 3442 r
609 3390 709 3442 virtute
724 3390 788 3442 alia·
833 3400 920 3453 certe,
936 3400 963 3441 et
974 3390 1042 3442 sorte
1053 3388 1187 3442 lucidius:
1200 3408 1263 3442 nam
1275 3390 1349 3442 locus

272 3486 335 3520 rum
344 3468 550 3539 legionum,vel
562 3489 576 3522 a
587 3470 671 3523 salute
687 3488 790 3523 earum·
833 3468 882 3521 iste
905 3486 985 3539 quem
1005 3480 1200 3540 occupaverunt
1217 3470 1348 3533 Romani,

273 3545 788 3603 dem.-·Corrstare.Al.consistere.Id.est.
833 3548 883 3603 etsi
899 3547 933 3601 ad
948 3548 1127 3603 declivitatem
1146 3549 1240 3615 collis,
1260 3562 1347 3602 tamen

316 3628 383 3681 Car.
402 3628 542 3701 LXXXV.
563 3647 587 3681 1.
612 3629 789 3682 Laborantibus
833 3641 890 3681 erat
903 3630 985 3701 paulo
1006 3630 1129 3701 superior
1146 3648 1261 3702 campo:
1277 3627 1348 3682 unde

273 3708 390 3760 mium
400 3708 524 3761 submittit.
542 3710 647 3762 Vocem
661 3709 786 3773 auxilium,
834 3728 886 3761 vox
891 3710 1021 3779 fastigium
1027 3730 1038 3772 ;
1047 3705 1093 3763 sed
1100 3710 1163 3780 quia
1172 3710 1351 3763 summurcol·

271 3806 331 3859 qum
351 3786 485 3841 exciderat
500 3808 515 3840 e
531 3788 610 3842 codd.
631 3790 789 3843 ciacconius
831 3788 1350 3861 lisextramunitionesprotensussuper·

272 3869 414 3939 proposuit
432 3888 464 3921 ex
484 3869 630 3940 interprete
646 3869 788 3941 grucqui
834 3870 976 3934 eminebat,
984 3868 1315 3941 ideolocuseratiniquuu
1322 3880 1347 3921 et

271 3946 786 4006 babet&obtereretllarisetOudend
833 3947 1346 4025 quiaeretiniquus,ideomegrrumbabe-

271 4038 344 4079 recte
358 4030 541 4083 restituerunt.
833 4029 877 4080 but
889 4040 1037 4083 momenbrm.
1054 4030 1134 4083 Tanti
1147 4048 1211 4101 ergo
1221 4029 1347 4083 intererat

316 4128 341 4161 s.
357 4108 475 4174 Romani,
491 4113 573 4161 sirem
587 4110 741 4164 obtinuerint.
754 4110 786 4163 In
832 4110 1031 4173 Romanorum,
1050 4124 1082 4163 ut
1105 4128 1166 4163 eum
1196 4120 1346 4173 servarent,

270 4188 467 4243 munitionibus
484 4187 661 4245 defendendis
676 4191 699 4245 si
711 4208 787 4263 supe·
832 4202 961 4261 quantum
976 4189 1096 4244 defensio
1117 4193 1173 4261 ejus
1188 4202 1256 4245 esset
1275 4190 1345 4261 peri·

269 4266 355 4322 riores
363 4270 503 4324 eruerint.
521 4322 524 4328 ,
832 4270 934 4353 edoce,
