3000 5034
277 458 375 528 .'-DE
401 460 575 530 BELLO
602 460 852 574 GALLtco.
879 468 978 563 LIB,
1002 473 1045 541 V.
1135 500 1211 574 ²⁰9

133 614 262 685 quoque
285 593 425 679 accidit,
448 594 538 687 quod
566 594 629 663 fuit
655 620 808 684 necesse,
834 616 872 669 ut
887 604 1047 695 xnonnulli
1070 606 1209 700 milites,

133 699 184 790 qui
201 696 391 791 lignationis
407 701 664 795 munitionisque
681 690 799 773 causa³
809 706 843 774 in
858 706 958 779 silvas
970 710 1209 808 discessissent,

130 806 301 897 repentino
325 802 475 903 equitum
489 804 960 905 adventu'interciperenturl.
984 820 1048 888 His·
1065 822 1207 891 circum·

131 913 253 998 ventis,
270 935 394 1007 magna
416 936 519 981 manu
537 913 733 1003 Eburones,
755 920 890 1008 Nervii,
910 923 1094 1010 Aduatuci,
1107 944 1207 1023 atque
1282 934 1287 947 ‘

129 1014 247 1085 horum
278 1019 429 1086 omnium
459 1020 542 1089 socii
570 1034 605 1089 et
631 1020 791 1111 clientes,
818 1025 982 1120 legionem
1011 1058 1206 1128 oppugnare

129 1122 312 1217 incipiunt:
335 1126 441 1193 nostri
470 1126 622 1195 celeriter
636 1128 692 1217 ad
716 1154 811 1199 arma
836 1152 1063 1226 concurrunt,
1080 1126 1206 1211 vallum

129 1230 365 1299 conscendunt.
380 1232 481 1325 AEgre
496 1235 523 1301 is
537 1232 606 1303 dies
621 1250 841 1325 sustentatur,
853 1241 943 1333 quod
959 1267 1093 1313 omnem
1111 1272 1205 1341 spem
1302 1299 1308 1303 -

13 1338 15 1375 l
128 1335 237 1405 hostes
246 1338 282 1403 in
292 1336 459 1407 celeritate
472 1340 771 1437 ponebant,atque
780 1344 868 1413 hanc
877 1346 989 1443 adepti
1000 1341 1205 1445 victoriam⁵,

127 1442 377 1537 inperpetuum
393 1468 428 1513 se
447 1445 519 1516 fore
540 1448 684 1516 victores
707 1449 929 1521 confidebant.

175 1553 250 1619 XL.
281 1552 464 1620 Mittuntur
478 1553 520 1621 ad
536 1555 701 1623 Caesarem
723 1555 899 1627 confestim
920 1583 941 1627 a
966 1562 1129 1633 Cicerone
1150 1566 1204 1636 lit·

13 1740 15 1767 ,
128 1670 200 1725 terae
211 1712 221 1745 ,
234 1659 365 1751 magnis
381 1660 559 1753 propositis
581 1662 744 1754 praemiis,
761 1665 788 1731 si
807 1663 1026 1757 pertulissent.
1051 1671 1204 1743 Obsessis

128 1765 281 1833 omnibus
303 1764 383 1851 viis,
397 1768 488 1835 missi
504 1768 769 1862 intercipiuntur.
792 1772 906 1841 Noctu
928 1798 969 1843 ex
983 1799 1023 1843 ea
1044 1781 1202 1869 materia,

13 1860 14 1933 J
126 1886 228 1965 qnam
241 1872 437 1941 munitionis
456 1898 557 1942 causa
572 1890 884 1970 comportaverant,
899 1894 1008 1950 turres
1020 1882 1202 1955 admodum

127 1976 239 2047 ΟΧΧι
265 1971 453 2047 excitantur
467 1980 651 2050 incredibili
674 1981 858 2053 celeritate:
881 2011 955 2079 quae
972 1987 1090 2059 deesse
1107 1994 1202 2086 operi

126 2084 340 2173 ridebantur,
356 2085 583 2180 perficiuntur.
605 2092 726 2158 Hostes
741 2104 877 2184 postero
891 2092 961 2180 die,
976 2094 1083 2166 multo
1097 2100 1201 2193 majo·

124 2192 213 2260 ribus
236 2194 342 2287 copiis
365 2194 504 2281 coactis,
520 2209 627 2263 castra
644 2210 862 2290 oppugnant,
879 2196 1003 2268 fossam
1021 2204 1200 2298 complent.

125 2298 172 2367 Ab
187 2300 314 2368 nostris
328 2298 443 2367 eadem
459 2302 604 2389 ratione,
619 2326 684 2395 qua
701 2302 827 2396 pridie,
840 2306 1019 2374 resistitur:
1032 2308 1098 2377 hoc
1112 2311 1200 2381 idem

123 2402 280 2501 deinceps
301 2404 434 2501 reliquis
453 2406 491 2502 fit
505 2406 628 2477 diebus.
652 2408 754 2477 Nulla
771 2432 849 2504 pars
867 2414 1023 2479 nocturni
1040 2420 1200 2511 temporis

124 2512 164 2580 ad
181 2510 333 2581 laborem
347 2515 592 2582 intermittitur:
613 2539 682 2583 non
701 2516 818 2609 aegris,
840 2540 909 2583 non
938 2517 1119 2589 vulneratis
1150 2523 1198 2591 fa·

123 2608 229 2688 cultas
247 2620 366 2714 quietis
380 2614 500 2690 datur:
520 2646 736 2715 quaecumque
755 2621 797 2689 ad
819 2622 960 2716 proximi
982 2623 1046 2692 diei
1068 2651 1197 2724 oppug-

122 2724 311 2796 nationem²
325 2752 409 2821 opus
423 2742 517 2816 sunt,
531 2744 635 2799 noctu
649 2743 904 2823 comparantur:
919 2728 1031 2799 multae
1045 2750 1198 2831 praeustae
1259 2734 1270 2754 ⁶

119 2930 201 2984 babet
217 2934 334 2985 ἐνταῦθα.
351 2932 442 2985 Nostri
460 2931 564 2986 codices
572 2932 635 2986 tute.
682 2933 1198 2989 -Turrescnfficnnmerusincaedthilis

160 3012 189 3064 3.
209 3010 355 3064 Munitionis
374 3032 455 3063 causa.
476 3012 515 3064 Ut
530 3013 637 3083 collige·
680 3012 945 3079 llotmanovidetnr3
953 3026 980 3067 et
995 3016 1081 3086 reipsa
1089 3017 1159 3069 ultre
1166 3016 1197 3069 fi-

118 3104 179 3145 rent
196 3087 336 3144 materiam
348 3088 503 3157 muniendi,
517 3092 569 3145 hoc
582 3104 636 3157 est,
680 3088 743 3145 dem
750 3094 869 3164 prolatus
881 3094 1064 3165 mihiquoque
1072 3110 1195 3167 apparet:

119 3172 220 3237 vallos,
236 3190 284 3224 seu
296 3172 378 3243 palos.
395 3172 433 3223 M.
680 3184 707 3225 ct
721 3192 778 3225 non
798 3173 879 3225 semel
898 3173 1107 3227 animadvertere
1120 3175 1198 3230 licuit

159 3258 188 3315 4.
202 3252 336 3322 Repentino
348 3271 385 3323 eq.
400 3252 455 3303 ade.
467 3254 635 3321 intemperen-
679 3252 1197 3324 grecisacromanisscriptt.‚praesertim

118 3343 165 3383 tur.
176 3330 245 3384 vid.
253 3332 302 3383 inf.
316 3329 349 3383 ad
357 3332 455 3383 calcem
461 3331 533 3383 libri.
680 3331 708 3383 in
720 3349 894 3383 numerorum
909 3334 1195 3405 computatione,pro-

157 3412 185 3465 5.
206 3412 281 3463 Hunc
297 3412 380 3481 adepti
393 3414 530 3465 uictoriam.
543 3408 634 3463 Hotm.
678 3411 835 3481 pensionem
847 3410 963 3479 aliquam
974 3410 1008 3463 ad
1018 3412 1195 3482 hyperbolen.

117 3489 266 3543 demendo
282 3492 445 3563 suspicatur,
460 3503 488 3542 et
505 3491 636 3543 Caesarem
678 3492 884 3559 Attamengraec.
890 3490 939 3541 int.
945 3492 1195 3559 quoquehabettxa·

117 3572 271 3642 scripsisse,
284 3572 330 3623 ltac
342 3571 430 3641 adepta
443 3574 555 3622 uictoria.
570 3570 637 3622 Mel·
679 3572 719 3623 ris
728 3568 770 3623 καὶ
778 3570 853 3621 εἴκοσι
862 3586 868 3621 :
878 3570 946 3621 nihil
955 3587 1017 3639 ergo
1026 3569 1193 3625 mutandum.

116 3652 186 3715 lem,
200 3651 290 3722 inquit
311 3650 438 3715 Vossius,
456 3650 577 3703 siluisset.
594 3650 636 3703 ste
680 3650 811 3703 Praeterea
820 3661 907 3701 turres
918 3649 974 3701 istae
981 3648 1082 3720 aliquot
1090 3664 1195 3706 tantum

118 3732 243 3797 Tacitus,
255 3731 353 3783 Annal.
368 3750 395 3795 1,
405 3737 461 3794 42:
479 3751 535 3783 nere
545 3734 635 3782 occisus
678 3728 792 3801 pedibus
808 3728 975 3783 altitudinem
987 3730 1059 3781 muri
1069 3747 1196 3800 superare

116 3814 230 3881 Augusti
230 3814 497 3882 proneposnocenticres
504 3830 546 3862 nos
545 3812 635 3878 faciat.
678 3822 819 3881 poterant,
833 3821 864 3861 ut
877 3822 940 3880 pote
953 3828 1012 3881 quae
1025 3811 1129 3863 castella
1143 3830 1194 3881 po·

117 3892 186 3943 Non
200 3888 354 3943 ceciderant
371 3891 469 3943 milites
480 3891 636 3943 Germanici
678 3890 732 3943 tius
747 3902 851 3954 essent,
862 3890 958 3946 similis
975 3890 1100 3960 istisque
1114 3910 1195 3960 supra

115 3968 635 4035 filiumsedmetuseratmeocciderent.
679 3966 1195 4031 memoravimus.(C’e'tarentderbastions

158 4052 229 4104 Cer.
238 4050 296 4103 XL.
310 4069 334 4105 t.
348 4052 435 4102 Turres
444 4050 571 4101 admodum
577 4066 635 4103 cxx.
676 4049 851 4121 pluto‘tquedes
862 4061 927 4100 tours
936 4051 1029 4101 elerees.
1047 4049 1082 4101 Ce
1098 4051 1193 4102 madre

13 4128 14 4133 ¹
116 4131 226 4183 Vocem
234 4128 637 4189 cdnwdumdeletamanonnullis
680 4131 884 4199 n'enparartpas
897 4134 973 4181 moins
982 4127 1194 4193 eoncordinaire.)

13 4288 15 4315 ,
113 4210 237 4267 restimit
258 4209 436 4285 Oudendorp.
458 4230 489 4264 ex
504 4207 582 4297 codd.
595 4242 635 4261 κ-
723 4209 1193 4283 α.Αᾰρινωὶωίᾰῖεὶ,ορΡυὸιιαιίοησηι.

166 4320 202 4390 J.
964 4316 1035 4406 14..
