3000 5034
298 505 378 573 ‘nn
407 499 580 570 nanno
609 471 1037 565 clementini.
1176 513 1217 584 17

150 639 290 712 Helvetii
312 638 441 706 ratibus
463 659 501 703 ac
524 629 676 701 lintn'bus
690 625 699 651 ²
713 626 838 719 junctis
860 623 1054 692 transibant.
1072 621 1141 689 Ubi
1163 647 1223 715 per

151 745 508 843 exploratoresCaesar
524 739 646 808 certior
662 734 769 802 factus
791 744 857 816 est,
875 744 942 797 tres
960 729 1032 820 jam
1052 729 1225 822 copiarum

152 869 270 949 partes·
287 849 459 920 Helvetios
492 846 526 914 id
554 845 678 914 llumen
706 838 911 922 traduxisse,
934 849 1086 928 quartam
1114 819 1225 901 vero³

152 973 284 1054 partem
303 960 387 1026 citra
409 956 541 1024 flumen-
557 951 688 1020 Ararim
710 944 871 1038 reliquam
893 966 986 1029 essc3
1005 940 1046 1008 de
1067 943 1173 1008 tertia
1182 941 1227 1008 vi-

154 1053 249 1162 gilial
269 1089 348 1134 cum
370 1059 564 1156 legionibus*
576 1056 682 1125 tribus
705 1047 862 1120 e'castris
884 1047 1072 1143 profectus,
1090 1046 1132 1114 ad
1153 1072 1227 1115 eam

154 1189 282 1268 partem
316 1169 491 1264 pervenit,
513 1189 587 1259 quae
615 1158 766 1230 nondum
794 1157 919 1224 flumen
947 1156 1131 1222 transierat.
1160 1156 1241 1243 Eos·

155 1279 329 1375 impeditos
348 1290 381 1343 et
394 1275 605 1367 inopinantes
618 1289 792 1362 aggressus
804 1249 829 1350 ⁵,
843 1285 999 1355 magnam
1018 1271 1143 1329 eorum'
1153 1285 1230 1356 par·
1267 1301 1269 1308 ·

157 1401 220 1454 tem
233 1382 381 1454 concidit
394 1406 400 1447 :
413 1379 531 1472 reliqui
541 1377 628 1470 fuge
644 1397 714 1442 sese
729 1369 949 1454 mandarunt,
964 1381 1063 1460 atque
1075 1370 1110 1435 in
1125 1369 1233 1460 proxi-

159 1517 224 1561 mas
248 1488 348 1560 silvas
364 1485 572 1555 abdiderunt.
589 1485 624 1551 ls
646 1461 779 1574 pagus⁶
795 1472 1025 1569 appellabatur
1036 1475 1231 1567 Tigurinus:

199 1713 223 1747 a.
236 1691 370 1746 Lintribus.
385 1688 492 1740 Lintres
507 1703 538 1738 ex
552 1700 616 1738 cara
632 1699 674 1734 ar-
761 1681 788 1729 6.
805 1675 899 1744 Pagus.
915 1673 999 1726 Paulo
1016 1686 1078 1726 ante
1095 1672 1172 1726 dixit
1174 1694 1234 1745 pars

160 1765 570 1840 borefiunt,Virg,Georg.I.r.
582 1765 648 1816 266.
719 1755 915 1819 Helvetiorum,
931 1754 1011 1824 paulo
1028 1765 1104 1823 post,
1114 1774 1176 1824 pars
1196 1755 1235 1807 ci·

719 1835 809 1889 vitatis
822 1833 957 1886 Helvetiae.
973 1832 1060 1886 Facile
1072 1853 1103 1886 ex
1114 1834 1156 1886 his
1170 1832 1236 1905 quid

721 1916 756 1968 sit
771 1933 852 1985 pagus
867 1913 1031 1984 intelligitur.
1048 1913 1133 1985 Pagus
1156 1915 1237 1985 igitur

248 1907 370 1923 ........
387 1880 453 1918 carm
462 1870 545 1916 arbore
556 1868 645 1914 lintres.

162 1994 291 2056 Μονόξυλοι
307 2007 392 2062 graeco
411 1987 520 2041 nomine
541 1982 676 2038 dicuntur.

162 2071 369 2127 Liv.Dec.111.l.
378 2088 397 2121 1.
407 2088 429 2122 c.
442 2071 609 2137 26,norasqae
617 2065 678 2116 alias

160 2157 260 2225 primam
278 2151 352 2205 Galli
365 2149 502 2201 inchoantes
518 2145 638 2197 cavabant
649 2163 678 2195 ea

163 2235 261 2304 singulis
273 2230 406 2284 arboribus.
422 2229 493 2282 Gon.

203 2315 229 2367 3.
244 2313 365 2382 Quartam
380 2312 439 2360 uero
451 2305 621 2380 partem-Alii
636 2303 683 2383 ad.

165 2392 308 2460 dunt'fere:
317 2389 402 2443 nostri
413 2400 502 2441 autem
511 2383 589 2440 codd.
599 2396 678 2457 quart.

164 2494 220 2526 nera
232 2483 302 2544 part.
316 2471 392 2524 Hanc
403 2480 498 2540 partem
513 2465 680 2537 suspicantur

165 2573 217 2607 esse
227 2571 327 2624 pagum
337 2548 420 2603 hodie
431 2547 549 2612 dictum,
561 2547 583 2596 le
593 2557 681 2596 canton

166 2634 194 2685 de
207 2635 233 2684 Z
235 2633 302 2684 urieli
306 2652 316 2694 ;
331 2628 378 2683 sed
391 2647 448 2682 non
461 2629 585 2699 probant.

207 2721 232 2777 4.
241 2713 282 2764 De
292 2715 362 2762 tertia
374 2710 465 2778 vigilia.
478 2707 555 2760 Circa
565 2704 681 2759 mediam

166 2805 277 2846 noctem.
291 2789 397 2862 vigilie
410 2788 573 2860 incipiebant
587 2789 620 2840 ab
636 2785 682 2839 oc·'

167 2893 228 2927 casu
241 2872 318 2946 splis,
328 2883 354 2924 et
369 2870 397 2920 in
413 2881 527 2939 quatuor
541 2878 629 2938 partes
648 2864 682 2918 ad

167 2950 332 3025 clepsydram
354 2947 558 3013 dividebantur,
577 2959 608 2998 ut
627 2966 682 2999 non

169 3034 279 3105 amplius
289 3031 375 3084 tribus
387 3028 461 3081 boris
472 3025 596 3080 standum
607 3040 681 3080 esset.

168 3113 297 3167 stationes
313 3122 401 3164 autem
420 3106 566 3161 secundum
580 3106 682 3178 vigilias

168 3194 289 3246 tibicines
303 3192 439 3254 locabant,
455 3189 543 3241 crebri
559 3187 683 3242 circuito-

168 3293 209 3327 res
215 3271 409 3335 observabant,
420 3268 567 3322 cornicines
576 3285 683 3320 revoca·

169 3355 240 3406 bant.
256 3353 350 3422 Veget.
363 3351 381 3403 l.
399 3367 448 3414 111,
464 3367 487 3401 c.
505 3350 531 3402 8.

212 3434 237 3486 5.
249 3431 410 3502 Aggressus..
418 3469 424 3481 .
433 3428 542 3480 concidit.
553 3428 615 3480 Non
628 3427 684 3499 ipse

170 3514 273 3576 Cesar,
284 3512 322 3563 ait
331 3511 402 3562 Plut.
416 3509 444 3562 in
456 3509 521 3562 Cas.
537 3527 560 3560 c.
576 3508 626 3572 18,
638 3506 684 3559 sed

170 3593 302 3646 Labienus
312 3591 427 3661 legatus;
435 3599 462 3640 at
469 3586 535 3642 fides
544 3589 628 3658 major
636 3588 684 3638 ha·

171 3670 373 3725 bendaCaesari
388 3688 447 3722 suas
464 3687 505 3720 res
521 3680 603 3738 gestas
621 3667 685 3720 scri·

172 3751 256 3817 beuti,
267 3767 348 3822 quam
360 3747 503 3802 Plutarcho
518 3765 532 3799 e
544 3747 614 3799 fama
627 3758 686 3798 tan-

720 1995 845 2048 tillarum
864 1994 986 2059 societas,
1000 1990 1081 2059 ditio,
1097 2013 1176 2065 ager,
1190 1994 1237 2064 qni

721 2074 812 2127 multis
837 2073 903 2128 vicis
933 2085 1057 2126 constat:
1079 2093 1112 2125 aa
1140 2085 1236 2126 aaaron

723 2153 826 2218 Greci,
846 2153 934 2224 inquit
956 2153 1119 2220 Glareanus,
1139 2154 1238 2224 πηγὴν,

722 2235 824 2287 sontem
837 2232 947 2297 dicunt,
963 2233 1005 2285 real
1014 2230 1124 2304 dupino<
1133 2233 1239 2305 uagitu

722 2312 786 2371 inde
800 2313 901 2366 Latinis
916 2311 1003 2366 dictus
1015 2333 1097 2383 pagus
1112 2315 1240 2385 cujusque

723 2393 799 2446 fluvii
807 2405 952 2456 tractus,et
961 2393 1084 2463 utrinque
1092 2393 1240 2446 secundum

723 2473 823 2524 flumen
848 2472 1032 2524 habitationes.
1055 2473 1132 2524 Tales
1158 2491 1240 2544 porro

723 2551 885 2623 navigabiles
900 2550 975 2603 fluvii
990 2551 1135 2603 etiamnum
1159 2551 1241 2604 hodie

725 2645 787 2684 sunt
805 2632 875 2684 intra
896 2631 1006 2696 Juram,
1021 2629 1199 2695 Rhodanum,
1214 2645 1242 2684 et

724 2710 865 2777 Rhenum,
876 2711 933 2763 veri
943 2710 1071 2762 Helvetiae
1082 2724 1158 2764 terrae
1173 2712 1243 2764 lirni-

725 2795 764 2844 tes
779 2811 786 2844 z
802 2810 911 2863 prorsus
926 2791 954 2843 in
977 2791 1104 2844 Helvetiis
1128 2805 1242 2863 quatuor

725 2884 788 2925 sunt
802 2872 891 2937 fluvii,
900 2872 1059 2942 praecipuea
1072 2873 1182 2924 summis
1195 2873 1242 2924 Al·
1278 2867 1282 2874 ⁴

725 2953 804 3024 pibus
818 2951 989 3004 decurrentes
1001 2964 1029 3003 et
1038 2952 1174 3022 regionem
1184 2971 1241 3004 om·

725 3049 788 3084 nem
803 3032 832 3083 in
847 3042 961 3102 quattmr
977 3042 1065 3102 partes
1080 3033 1142 3085 satis
1156 3051 1242 3104 aequa·

725 3111 962 3174 liter-dividentes,
974 3112 1029 3163 scil.
1047 3111 1096 3172 Ur,
1110 3114 1241 3182 Limagas,

730 3192 806 3253 Ursa,
817 3203 845 3244 et
852 3192 942 3244 Arola.
953 3186 1090 3262 (sequitur
1101 3193 1187 3263 ampla
1199 3191 1243 3244 de·
1282 3251 1285 3257 1

727 3272 837 3342 scriptio
853 3283 967 3341 quatuor
980 3269 1141 3335 fluviorum)
1155 3283 1182 3323 et
1197 3269 1243 3322 ad·

727 3349 769 3402 dit
784 3367 791 3403 ε
807 3349 841 3402 ad
856 3348 1034 3402 confluentem
1057 3349 1133 3401 illum
1147 3344 1158 3410 (
1169 3351 1244 3420 juxta

727 3430 817 3482 locum
826 3426 1074 3490 dictum'chalentz,
1088 3442 1244 3500 corruptum

729 3528 744 3562 a
763 3509 847 3560 verbo
866 3509 996 3578 carpitam,
1013 3509 1094 3578 paulo
1115 3509 1184 3560 infra
1201 3527 1245 3561 ur-

728 3587 954 3657 beneragam,
972 3606 1030 3657 quae
1052 3601 1092 3641 est
1114 3588 1244 3642 Constan-

730 3669 820 3721 tieneis
839 3664 1031 3739 episcopi)tria
1050 3667 1161 3721 flumina
1180 3670 1245 3721 Hel·

729 3750 863 3802 vetiorum
876 3749 1004 3816 Limagus,
1026 3747 1101 3811 Ursa,
1119 3767 1149 3800 ac
1164 3749 1246 3800 Arula

173 3843 228 3884 tum
247 3829 409 3884 enarranti:
427 3839 571 3898 praeterea,
589 3845 644 3878 non
664 3828 686 3879 is
730 3829 760 3880 in
775 3829 899 3880 Rhenum
912 3841 1094 3880 exonerantur.
1108 3829 1145 3879 Ur
1157 3840 1246 3881 autem

173 3923 228 3962 erat
242 3911 343 3974 Cesar,
356 3909 404 3978 qui
418 3925 495 3960 suum
509 3907 624 3977 legatum
639 3905 686 3960 de·
731 3907 1246 3980 paulosuperius,inframajoremtamen

174 3989 226 4043 bita
237 3988 316 4042 laude
328 3989 455 4060 privaret.
466 3986 598 4038 Labienus
610 3986 687 4040 relic·
731 3988 820 4040 Rheni
841 3999 1004 4052 cataracten,
1020 4003 1078 4057 quae
1096 3989 1145 4039 sub
1165 3985 1245 4040 Scha-

176 4080 215 4122 tas
224 4081 281 4123 erat
291 4069 320 4121 in
331 4067 488 4131 Provincia,
499 4063 534 4118 ad
542 4063 688 4118 custodiam
732 4065 986 4131 lusiaest,Rbenum
993 4065 1159 4120 influitflaec
1166 4068 1247 4138 igitur

177 4149 343 4214 munitionis3
353 4145 494 4216 unde‚quo
502 4143 590 4208 modo,
601 4158 688 4217 etque
732 4157 848 4217 quatuor
862 4144 973 4196 flumina
987 4159 1102 4216 quatuor
1115 4146 1247 4202 Helvetio-

178 4238 293 4301 tempore
304 4227 432 4292 redierit,
445 4226 574 4280 nicertum
587 4237 633 4278 eat.
733 4243 794 4279 rum
807 4225 869 4296 pagi
881 4223 1035 4278 creduntur.

226 4341 255 4406 I·
752 4346 756 4354 ’
950 4325 1061 4402 ”α
