3000 5034
254 490 327 557 DE
354 489 526 557 BELLO
554 489 800 559 GALLICO.
829 493 923 559 LIB.
952 492 1017 561 IV.
1113 492 1183 566 153
1221 509 1224 515 '

29 670 31 725 ζ
117 646 198 691 mam
189 619 456 717 obtemperare.
466 622 596 711 Quibus
606 622 734 712 auditis,
747 622 923 693 liberaliter
932 622 1095 719 pollicitus
1110 628 1185 697 hor·

117 742 194 797 tatus
218 753 280 816 ue,
297 742 336 796 ut
352 731 386 795 in
404 752 442 796 ea
460 730 620 799 sententia
635 745 885 859 permanerent,
897 756 954 799 eos
974 732 1111 803 domum
1131 760 1183 803 re-

42 838 44 845 ‘
117 836 233 903 mittit·
225 848 280 922 ,et
295 859 373 903 cum
388 821 739 905 hisunaCommium6
741 861 861 957 ,quem
874 838 1183 931 ipse,Atrebatibus

117 941 285 1033 superatis,
298 964 412 1034 regem
425 942 470 1009 ibi
484 943 700 1011 constituerat
706 944 824 1036 ,cujus
838 958 873 1011 et
888 945 1045 1013 virtutem
1060 959 1094 1014 et
1109 971 1184 1015 con·

117 1044 212 1113 silium
226 1046 410 1141 probabat,
426 1062 460 1115 et
474 1072 574 1141 quem
595 1044 655 1116 sibi
673 1047 806 1117 fidelem
823 1049 1060 1139 arbitrabatur,
1072 1052 1181 1144 cujus·

105 1176 171 1243 -que
184 1154 364 1221 auctoritas
383 1154 417 1220 in
440 1156 478 1223 iis
503 1154 692 1247 regionibus
712 1153 825 1249 mag'm
818 1156 1059 1244 ',habebatur⁷
1071 1160 1179 1226 mittit

116 1258 218 1326 Huic
210 1272 368 1352 imperat,
381 1282 463 1351 quas
478 1261 595 1388 possit,
608 1259 705 1328 adeat
716 1275 863 1330 crvrtates
871 1211 1128 1356 ,horteturqne,
1142 1279 1181 1333 ut

115 1363 218 1457 populi
244 1366 375 1432 romani
398 1351 517 1434 fidem8
537 1380 733 1474 sequantur3
751 1392 851 1461 seque
875 1366 1024 1435 celeriter
1040 1394 1081 1436 eo
1098 1394 1179 1437 ven·

115 1482 216 1538 turum
228 1471 373 1538 nunciet.
382 1470 585 1559 Volusenus,
598 1475 778 1566 perspectis
789 1472 996 1568 regionibus⁹
999 1490 1179 1565 ,quantum
1256 1474 1258 1481 ’

116 1575 140 1640 ei
159 1575 320 1644 facultatis
342 1575 414 1644 dari
440 1578 563 1671 potuit,
582 1578 639 1670 qui
664 1579 741 1645 navi
767 1578 880 1673 egredi
903 1603 941 1647 ac
968 1603 1002 1646 se
1030 1578 1178 1649 barbaris

115 1683 310 1750 committere
331 1707 400 1750 non
416 1684 553 1752 auderet
559 1684 697 1777 ,quinto
718 1682 771 1751 die
791 1684 834 1752 ad
854 1687 1177 1754 Caesaremreverti·

115 1798 173 1854 tur·
166 1813 327 1882 ,quaeque
342 1789 387 1856 ihi
403 1791 637 1882 perspexisset,
649 1791 830 1859 renunciat

158 1897 264 1962 XXII.
275 1897 389 1963 Dum
380 1920 414 1961 m
426 1893 565 1964 hislocis
574 1898 686 1964 Caesar
696 1920 832 1965 navium
843 1898 1067 1990 parandarum
1077 1880 1177 1967 causa

114 2016 266 2089 moratur,
286 2026 326 2069 ex
346 2024 467 2095 magna
487 2015 581 2096 parte
603 2003 813 2070 Morinorum
833 2002 875 2070 ad
896 2028 973 2073 eum
996 2002 1096 2097 legati
1117 2026 1175 2072 ve-

114 2122 238 2195 nemnt,
250 2108 307 2201 qui
323 2132 357 2177 se
374 2107 415 2175 de
432 2109 610 2201 superioris
627 2108 786 2201 temporis
806 2108 942 2177 consilio
963 2125 1175 2199 excusarent,

113 2213 190 2302 quod
215 2214 368 2283 homines
388 2212 521 2281 barbari
542 2228 575 2282 et
596 2228 718 2282 nostrae
741 2214 988 2284 consuetudinis
1011 2215 1171 2309 imperiti1

112 2314 222 2387 bellum
242 2319 368 2414 populo
398 2344 536 2388 romano
556 2320 726 2407 fecissent,
745 2344 846 2414 seque
863 2344 918 2408 ea,
932 2345 1005 2413 quae
1020 2322 1173 2415 imperas·

113 2437 167 2511 set,
179 2424 323 2495 facturos
339 2424 583 2521 pollicerentur.
597 2429 671 2494 Hoc
689 2425 749 2493 sibi
766 2427 843 2494 satis
860 2440 1048 2519 opportune
1061 2429 1172 2495 Caesar

112 2530 252 2601 accidisse
273 2532 467 2620 arbitratus,
480 2532 570 2626 quod
590 2556 697 2626 neque
718 2546 797 2625 post
813 2546 944 2625 tergum
969 2532 1098 2600 hostem
1120 2557 1171 2600 re·

112 2630 244 2731 linquere
260 2638 411 2725 volebat,
423 2663 530 2731 neque
545 2636 621 2707 belli
639 2637 775 2733 gerendi
791 2652 929 2732 propter
945 2639 1023 2705 anni
1038 2652 1170 2731 tempus

112 2738 286 2814 facultatem
302 2744 463 2832 habebat,
476 2769 582 2839 neque
602 2745 662 2813 has
682 2742 886 2813 tantularum
903 2769 1015 2812 rerum
1033 2768 1170 2838 occupa·

111 2847 200 2919 tiones
215 2851 276 2919 sibi
292 2852 469 2919 Britanniae
489 2850 735 2946 anteponendas
747 2850 933 2945 judicabat,
945 2874 1103 2945 magnum
1118 2850 1170 2919 his

110 3054 229 3113 Senllist.
240 3059 338 3113 Sacr.l.
347 3060 374 3124 Ι,
385 3058 430 3124 25,
438 3070 464 3111 et
474 3058 607 3131 alii,quos
635 3056 640 3087 ¹
648 3071 744 3129 putare.
754 3057 819 3112 vid.
833 3061 911 3112 Voss.
925 3058 960 3111 de
972 3070 1069 3111 constr.
1082 3078 1109 3112 c..
1120 3078 1166 3128 ²9·

109 3134 210 3191 indicare
224 3156 419 3212 supervacuum
434 3140 512 3191 foret.
693 3140 721 3192 8.
732 3139 804 3191 UtP.
814 3138 931 3208 Μάριοι.
943 3140 978 3191 Ut
986 3151 1061 3191 vacat
1068 3140 1097 3191 in
1108 3158 1168 3191 nos-
1230 3136 1233 3141 ’

141 3218 163 3270 5.
179 3220 295 3271 Remittit.
313 3219 370 3272 Alii·
381 3221 490 3270 remisit:
502 3218 579 3270 male.
652 3230 695 3270 tro
711 3216 771 3271 cod.
790 3218 876 3287 5763.
893 3221 974 3271 Recte
986 3217 1104 3289 quidem.

139 3301 163 3350 6.
174 3298 313 3351 Commium.
320 3299 381 3351 Non
392 3298 512 3359 Comium,
524 3310 554 3349 ut
559 3298 607 3349 ha·
694 3316 720 3365 9.
727 3297 882 3366 Regionibus.
889 3296 1001 3350 Addunt
1006 3300 1166 3351 membranae

107 3376 159 3430 bent
171 3377 275 3432 codices
286 3390 313 3429 et
332 3376 394 3431 edd.
408 3377 541 3430 nonnulli.
555 3377 607 3428 Dio
651 3376 753 3447 aliquot
769 3375 948 3428 omnibus:sed
959 3378 1065 3431 frustra.

106 3454 172 3510 babet
191 3460 303 3529 Κοίμιος.
320 3458 353 3510 In
368 3458 450 3510 Thes.
470 3454 606 3509 Branden·
693 3456 758 3509 Car.
772 3456 863 3509 XXII.
884 3474 909 3507 1.
930 3456 1029 3508 Nostrae
1040 3469 1164 3509 cousuetu-

107 3535 170 3608 burg.
178 3539 239 3590 Vol.
248 3539 305 3609 I,p.
316 3536 371 3590 305
381 3549 465 3603 ,extat
472 3554 606 3600 nummus,
649 3536 714 3588 dinis
728 3538 839 3606 imperiti.
853 3534 966 3587 Romani
981 3536 1070 3601 enim,
1082 3549 1112 3588 ut
1124 3537 1164 3607 ip·
1189 3540 1197 3562 ⁰

106 3614 217 3688 incujus
235 3637 289 3671 una
307 3617 373 3669 facie
396 3618 465 3669 circa
491 3635 603 3687 equum,
649 3617 685 3669 sis
696 3616 783 3668 visum
795 3627 847 3679 est,
860 3615 987 3685 singulari
996 3617 1056 3685 jure
1068 3614 1164 3685 gaude-

108 3692 276 3761 COMMIOS,
292 3698 321 3748 in
335 3698 415 3749 altera
428 3709 507 3767 caput
519 3697 605 3767 galea·
648 3696 721 3748 ba'nt.
730 3696 793 3759 ¹lllis
799 3695 872 3746 enim
882 3694 985 3746 licitum
994 3708 1050 3747 erat
1056 3696 1163 3765 quosvis

106 3783 152 3827 tun
163 3794 223 3829 cum
239 3777 291 3829 bac
308 3777 427 3847 inscript.
443 3776 603 3829 GARMAN.
648 3794 699 3845 pro
712 3775 791 3828 libito
806 3772 923 3846 aggredi.
941 3774 1059 3845 Populus
1075 3786 1163 3827 autern

107 3850 220 3909 Nonnulli
241 3856 376 3927 explicant
393 3854 541 3924 Germanus,
558 3856 604 3909 sed
649 3855 896 3926 quisesuaquenon
904 3852 1163 3924 dederet‚piaculurn

106 3930 151 3985 sine
165 3937 327 3989 auctoritate.
648 3933 821 3999 admittebat3
834 3934 881 4005 qui
895 3946 987 3986 contra
999 3952 1027 3985 se
1041 3930 1163 4000 dederet,

138 4014 256 4085 7.llfagni
262 4015 401 4068 habebatur.
411 4016 451 4067 lta
460 4013 538 4067 codd.
546 4034 605 4068 nos·
641 4014 678 4065 'in
691 4033 753 4066 eum
764 4014 914 4067 humanitas
926 4014 1114 4076 exercebatur,
1125 4013 1161 4065 is·

29 4142 30 4145 ,
105 4088 162 4145 niet
171 4094 346 4167 Oudendorp.
356 4096 389 4148 al.
402 4114 491 4164 magna
500 4094 603 4169 laqbeba-
647 4094 885 4165 queavicinorum
895 4094 1000 4165 injuriis
1011 4106 1083 4147 tutus
1095 4111 1162 4164 prae-

106 4180 142 4223 tur.
153 4173 229 4229 flecte
240 4179 334 4245 magni,
343 4188 373 4229 ut
383 4179 467 4245 magni
476 4178 601 4237 citimam,
631 4186 637 4197 “
647 4174 774 4229 utebatur.
