3000 5034
279 517 346 586 DE
374 515 547 584 BELLO
576 515 834 583 GALLICO.
855 515 948 584 LIB.
977 517 1092 586 vm.
1148 517 1223 614 457

201 649 326 718 XLIV.
355 650 593 742 Cesar-quum
616 671 711 716 suam
735 645 904 717 lenitatem
925 651 1094 744 cognitam
1118 654 1225 718 omni·

146 755 211 825 bus
234 757 355 842 sciret,
372 780 478 849 neque
499 769 692 841 vereretur,
707 779 749 822 ne
769 754 850 847 quid
876 754 1070 824 crudelitate
1098 770 1226 826 naturae

148 861 318 932 videretur
335 865 482 956 asperius
502 862 638 950 fecisse,
654 885 763 954 neque
776 862 903 928 exitum
915 860 1130 932 consiliorum
1149 888 1224 932 suo·

147 993 225 1036 rum
241 966 542 1055 animadverteret,
558 970 585 1036 si
600 966 657 1037 tali
675 969 804 1036 ratione
817 966 956 1037 diversis
968 970 1003 1037 in
1016 968 1098 1038 locis
1113 968 1225 1064 plures

147 1073 309 1143 rebellare
323 1074 460 1144 consilia
481 1072 654 1161 inissent¹3
667 1072 820 1168 exemplo
842 1073 994 1169 supplicii
1009 1074 1225 1146 deterrendos

147 1179 292 1275 reliquos
315 1183 521 1250 existimavit.
542 1184 659 1274 Itaque
679 1181 836 1249 omnibus
862 1183 919 1274 qui
939 1206 1033 1249 arma
1057 1181 1225 1271 tulerant,

147 1288 449 1382 manus·praecidit;
464 1290 567 1360 vitam
583 1290 766 1375 concessit,
781 1313 849 1381 quo
863 1290 1014 1357 testatior
1024 1304 1112 1358 esset
1126 1313 1226 1384 poena

146 1395 387 1488 improborum.
419 1397 600 1490 Drappes,
629 1419 727 1487 quem
761 1409 897 1489 captum
925 1419 996 1464 esse
1025 1419 1046 1462 a
1083 1397 1225 1465 Caninio

146 1500 268 1589 docui,
281 1504 350 1570 sive
368 1499 582 1596 indignitate²
600 1515 633 1569 et
645 1498 760 1569 dolore
777 1499 1006 1588 vinculorum,
1022 1504 1091 1570 sive
1107 1504 1226 1570 timore

145 1609 309 1701 gravioris
331 1607 506 1703 supplicii,
522 1609 637 1703 paucis
660 1606 776 1675 diebus
794 1631 865 1676 sese
881 1608 958 1678 cibo
973 1594 1161 1696 abstinuit³,
1175 1623 1224 1677 at-

146 1739 212 1808 que
231 1715 277 1786 ita
297 1715 428 1784 interiit.
451 1713 579 1784 Eodem
601 1729 753 1808 tempore
774 1715 967 1802 Lucterius,
987 1739 1087 1808 quem
1109 1714 1224 1810 profu-

59 1861 62 1870 ·
145 1822 232 1914 gisse
244 1846 284 1888 ex
300 1820 413 1916 praelio
430 1823 566 1916 scripsi,
580 1845 684 1914 quum
705 1822 739 1889 in
751 1834 949 1914 potestatem
960 1823 1106 1890 venisset
1120 1824 1224 1917 Epas-

144 1929 235 1998 nacti
265 1929 426 2016 Arvemi,
454 1919 602 2015 (crebro
623 1928 710 1996 enim
732 1925 1024 2015 mutandislocis,
1043 1927 1226 1996 multorum

144 2033 223 2102 fidei
239 2058 274 2102 se
293 2025 541 2122 committebat,
559 2034 649 2129 quod
667 2057 832 2128 nusquam
850 2033 974 2104 diebus
987 2036 1057 2103 sine
1076 2033 1225 2130 periculo

144 2156 423 2210 commoraturus·
433 2140 609 2210 videbatur
619 2195 629 2229 ,
640 2165 745 2234 quum
758 2141 820 2209 sibi
833 2143 987 2211 conscius
1003 2156 1109 2229 esset,
1123 2166 1224 2236 quam

16 2237 20 2244 ¹
89 2249 95 2263 '
143 2248 316 2316 inimicum
343 2247 480 2316 deberet
508 2236 676 2316 Cesarem
700 2247 846 2335 babere,
864 2241 880 2336 )
899 2248 991 2318 bunc
1008 2245 1224 2343 Epasnactus

142 2432 242 2484 deorum
263 2431 395 2484 voluntate.
413 2431 548 2484 Nimirum
563 2443 619 2483 erat
633 2430 662 2482 iu
707 2431 807 2480 consilia
821 2433 927 2484 risissent.
943 2429 1030 2484 Codd.
1048 2449 1109 2502 pars
1123 2432 1225 2485 altera-¹

144 2512 243 2575 talibus
256 2512 436 2582 superstitiosa
447 2509 588 2581 antiquitas
597 2528 603 2562 :
611 2529 661 2562 nec
705 2510 788 2579 plnres
800 2511 901 2561 consilia
910 2513 1015 2563 inissent.
1029 2511 1225 2581 Altera,plures

144 2603 246 2644 temere
269 2591 355 2644 fontes
377 2605 422 2644 sut
443 2609 548 2656 amnes,
564 2590 661 2661 quibus
705 2589 821 2641 rebellare
834 2593 964 2659 cepissent.
982 2590 1058 2643 Etea
1073 2591 1220 2644 rustecus

144 2669 248 2742 aliquid
257 2669 379 2726 divinum
394 2673 479 2724 inesse
494 2669 661 2736 credebatur,
705 2669 818 2740 vulgata.
826 2668 1003 2741 Oudendorp.
1010 2682 1155 2742 utrumque
1160 2672 1222 2742 juu-

145 2752 215 2822 quin
236 2763 263 2802 et
279 2771 329 2824 pro
345 2750 397 2804 diis
416 2752 554 2813 colebant,
570 2751 661 2804 sistere
704 2749 753 2819 git,
762 2761 793 2802 ut
800 2748 835 2802 de
844 2750 989 2803 rebellione
996 2749 1097 2821 aliquid
1105 2749 1219 2804 dicatur.

143 2829 661 2896 cursum,autsolitumdesererealveum
705 2829 768 2880 Non
776 2829 1220 2895 malecerte,sedsiueauctoritate.

143 2912 284 2982 putabant.
295 2911 364 2962 Hinc
380 2908 451 2983 apud
465 2912 550 2964 Tacit.
559 2947 567 2977 ,
577 2911 596 2965 l.
607 2930 660 2976 1,c.
748 2931 774 2962 n.
786 2910 944 2980 indignitate.
955 2911 1109 2964 Restituiex
1123 2911 1221 2963 nostris

147 3009 201 3061 79,
211 2991 459 3062 Aunalium,quum
467 2991 495 3042 iu
502 3003 594 3044 senatu
601 3010 661 3062 age·
684 3049 688 3060 Ι
704 2987 784 3044 codd.
794 2993 851 3044 RR.
863 2992 961 3061 quibus
973 2990 1169 3062 adstipulantur
1177 3011 1221 3044 oo-

144 3084 222 3123 retur
233 3069 267 3122 de
277 3069 426 3124 avertendis
437 3069 662 3144 fluminibus,per
705 3067 777 3122 dices
798 3071 854 3122 lere
873 3090 966 3124 omnes
988 3069 1219 3141 Oudendorpiani.

145 3169 206 3221 que
222 3151 327 3204 Tiberis
343 3151 470 3222 augescit,
485 3169 539 3221 quo
555 3150 661 3203 obviam
705 3149 795 3220 Vulgo
810 3151 982 3218 indignatione.
995 3183 1036 3193 —
1046 3151 1146 3203 Dolore.
1157 3152 1220 3204 Nou

144 3231 230 3283 iretur
245 3232 345 3284 crebris
358 3233 414 3301 ejus
427 3228 661 3295 inundationibus,
704 3243 841 3299 comparet
858 3231 886 3281 in
908 3231 999 3283 multis
1021 3229 1100 3284 codd.
1121 3248 1171 3283 nec
1192 3232 1221 3284 iu

145 3307 515 3381 dictitantReatiniznOptime
528 3310 662 3361 rebasmor‘·
704 3305 802 3360 nostro
812 3311 846 3365 lt.
865 3309 951 3379 5764.

148 3390 231 3441 talium
247 3391 391 3442 consuluisse
406 3402 532 3452 naturam,
549 3409 603 3462 quoe
617 3409 661 3441 sua
747 3390 773 3442 3.
782 3389 839 3441 Sese
847 3389 901 3440 cibo
907 3390 1031 3441 abstinuit.
1041 3389 1099 3441 Hoc
1107 3392 1220 3442 verbum

146 3471 518 3540 oraflurnirribns„suoscursns,
532 3473 660 3540 utqueori·
703 3469 783 3538 vulgo
809 3470 1008 3522 intransitivum
1035 3481 1178 3535 censebam
1194 3472 1219 3522 ei

145 3552 238 3616 ginern,
259 3555 294 3601 ito
307 3550 372 3620 fines
390 3551 489 3602 dederit.
513 3549 661 3620 Spectandae
695 3543 793 3600 ¹tannen
815 3549 871 3601 vim
884 3549 996 3602 scuram
1016 3549 1141 3602 tribuum
1153 3550 1220 3602 boui

147 3632 218 3682 etiam
230 3631 356 3700 religiones
370 3635 501 3692 sociorum,
519 3633 561 3702 qai
574 3649 657 3692 sacra,
705 3640 832 3682 auctores.
844 3628 935 3701 Livol.
950 3647 1013 3693 ιιι,
1027 3648 1051 3681 c.
1067 3635 1104 3698 49
1117 3647 1125 3682 t
1140 3630 1219 3700 Usque

147 3709 264 3770 etiarm,
281 3723 307 3761 et
323 3731 380 3762 aras
394 3715 483 3782 patriis
499 3710 606 3762 amnibus
621 3710 660 3761 di·
704 3709 739 3760 ad
749 3709 824 3760 baem
836 3719 912 3779 portu
922 3729 948 3760 se
963 3709 1135 3762 abstinuerant.
1152 3709 1218 3761 L'ac·

147 3794 260 3841 raserint.
283 3791 350 3859 Quin
363 3796 438 3861 ipsum
462 3792 566 3844 Tiberim
581 3790 658 3851 nolle,
704 3790 803 3842 nntius
812 3787 847 3855 de
860 3789 903 3841 Ira
916 3790 982 3854 Dei,
996 3807 1020 3841 c.
1031 3808 1047 3840 x
1061 3806 1125 3861 :quo
1138 3809 1163 3841 se
1175 3790 1219 3840 lio·

143 3888 246 3938 prorsas
257 3871 431 3941 accoltsflurr'is
444 3871 661 3936 orbatum‚minore
687 3874 777 3920 mines
796 3872 899 3939 inperiti
915 3890 931 3920 a
947 3872 1052 3940 peoeatis
1064 3869 1217 3923 abstinerent.

144 3949 338 4021 gloriaflmre.»
349 3950 398 4003 Seu
407 3951 658 4033 pnoesoolopiarwn‚
703 3950 789 4002 Divus
801 3950 978 4020 Augustinus,
991 3967 1053 4001 cum
1065 3947 1144 4014 olibi,
1160 3962 1217 4002 tum
1244 4016 1248 4025 Ι

146 4048 188 4079 seu
198 4029 331 4098 difficultas
342 4049 450 4101 apenos,
465 4033 512 4083 sire
524 4035 661 4100 superstitio
703 4027 737 4081 de
751 4030 811 4082 civ.
820 4030 887 4095 Dei,
901 4029 950 4083 lib.
964 4047 1024 4095 1‚c.
1038 4048 1057 4097 9
1070 4047 1079 4081 t
1092 4029 1124 4080 ab
1139 4049 1221 4082 eonas

146 4109 238 4170 valuit,
253 4123 280 4161 ut
299 4115 324 4161 in
337 4114 476 4162 sententiam
491 4111 587 4161 Pisonis
602 4131 660 4162 aon·
703 4109 882 4180 reprehensione
896 4129 946 4161 sese
962 4109 1133 4162 abstinuerant.
1147 4107 1219 4162 Vide

147 4188 281 4253 cederetur,
290 4193 332 4260 qui
340 4191 377 4241 nil
383 4190 520 4242 enatandum
526 4203 659 4244 censuerat.
704 4203 731 4242 et
740 4189 776 4242 G.
782 4190 807 4242 J.
820 4190 948 4244 vossium
959 4189 994 4243 de
1006 4200 1150 4244 construet.
1159 4209 1217 4261 cap.

187 4269 251 4322 Car.
276 4270 375 4324 XLIV.
399 4289 422 4323 1.
443 4271 530 4323 Plures
548 4270 661 4322 rebellare
707 4271 858 4336 ambiente.
