<?xml version="1.0" encoding="UTF-8"?>
<!DOCTYPE html PUBLIC "-//W3C//DTD XHTML 1.0 Transitional//EN"
    "http://www.w3.org/TR/xhtml1/DTD/xhtml1-transitional.dtd">
<html xmlns="http://www.w3.org/1999/xhtml" xml:lang="en" lang="en">
 <head>
  <title>
</title>
<meta http-equiv="Content-Type" content="text/html;charset=utf-8" />
  <meta name='ocr-system' content='tesseract 3.04.00' />
  <meta name='ocr-capabilities' content='ocr_page ocr_carea ocr_par ocr_line ocrx_word'/>
</head>
<body>
  <div class='ocr_page' id='page_1' title='image "./caiusjuliuscsar00caesgoog_0321.png"; bbox 0 0 3000 5034; ppageno 0'>
   <div class='ocr_carea' id='block_1_1' title="bbox 349 512 1279 601">
    <p class='ocr_par' dir='ltr' id='par_1_1' title="bbox 349 512 1279 601">
     <span class='ocr_line' id='line_1_1' title="bbox 349 512 1279 601; baseline -0.002 -18"><span class='ocrx_word' id='word_1_1' title='bbox 349 514 426 601; x_wconf 75' lang='lat'><strong>284</strong></span> <span class='ocrx_word' id='word_1_2' title='bbox 486 514 526 584; x_wconf 87' lang='lat' dir='ltr'><strong>c.</strong></span> <span class='ocrx_word' id='word_1_3' title='bbox 554 513 703 584; x_wconf 73' lang='lat' dir='ltr'><strong>ruiti·</strong></span> <span class='ocrx_word' id='word_1_4' title='bbox 731 514 968 582; x_wconf 69' lang='lat' dir='ltr'><strong>casinis</strong></span> <span class='ocrx_word' id='word_1_5' title='bbox 1003 512 1279 584; x_wconf 77' lang='lat' dir='ltr'><strong>COMMENT.</strong></span> 
     </span>
    </p>
   </div>
   <div class='ocr_carea' id='block_1_2' title="bbox 344 642 1462 2553">
    <p class='ocr_par' dir='ltr' id='par_1_2' title="bbox 344 642 1462 2341">
     <span class='ocr_line' id='line_1_2' title="bbox 345 642 1404 741; baseline 0.003 -26"><span class='ocrx_word' id='word_1_6' title='bbox 345 648 456 740; x_wconf 86' lang='lat' dir='ltr'><strong>equite</strong></span> <span class='ocrx_word' id='word_1_7' title='bbox 476 672 636 735; x_wconf 91' lang='lat' dir='ltr'><strong>romano,</strong></span> <span class='ocrx_word' id='word_1_8' title='bbox 652 648 709 741; x_wconf 93' lang='lat' dir='ltr'><strong>qui</strong></span> <span class='ocrx_word' id='word_1_9' title='bbox 724 646 771 714; x_wconf 89' lang='lat' dir='ltr'><strong>eis</strong></span> <span class='ocrx_word' id='word_1_10' title='bbox 789 660 861 714; x_wconf 91' lang='lat' dir='ltr'><strong>erat</strong></span> <span class='ocrx_word' id='word_1_11' title='bbox 880 646 1096 740; x_wconf 75' lang='lat' dir='ltr'><strong>praepositus,</strong></span> <span class='ocrx_word' id='word_1_12' title='bbox 1115 671 1175 740; x_wconf 88' lang='lat' dir='ltr'><strong>per</strong></span> <span class='ocrx_word' id='word_1_13' title='bbox 1192 645 1317 715; x_wconf 90' lang='lat' dir='ltr'><strong>medios</strong></span> <span class='ocrx_word' id='word_1_14' title='bbox 1337 642 1404 719; x_wconf 79' lang='lat' dir='ltr'><strong>lios·</strong></span> 
     </span>
     <span class='ocr_line' id='line_1_3' title="bbox 345 751 1406 849; baseline 0.001 -27"><span class='ocrx_word' id='word_1_15' title='bbox 345 766 395 822; x_wconf 89' lang='lat' dir='ltr'><strong>tes</strong></span> <span class='ocrx_word' id='word_1_16' title='bbox 417 768 658 849; x_wconf 84' lang='lat' dir='ltr'><strong>perrumpunt,</strong></span> <span class='ocrx_word' id='word_1_17' title='bbox 675 752 924 847; x_wconf 85' lang='lat' dir='ltr'>incolumesque</span> <span class='ocrx_word' id='word_1_18' title='bbox 939 751 981 820; x_wconf 91' lang='lat' dir='ltr'><strong>ad</strong></span> <span class='ocrx_word' id='word_1_19' title='bbox 999 777 1105 821; x_wconf 90' lang='lat' dir='ltr'><strong>unum</strong></span> <span class='ocrx_word' id='word_1_20' title='bbox 1119 754 1288 821; x_wconf 85' lang='lat' dir='ltr'><strong>omnesin</strong></span> <span class='ocrx_word' id='word_1_21' title='bbox 1309 768 1406 823; x_wconf 89' lang='lat' dir='ltr'><strong>castra</strong></span> 
     </span>
     <span class='ocr_line' id='line_1_4' title="bbox 345 854 1462 954; baseline 0.003 -28"><span class='ocrx_word' id='word_1_22' title='bbox 345 862 553 954; x_wconf 80' lang='lat' dir='ltr'><strong>perveniunt.</strong></span> <span class='ocrx_word' id='word_1_23' title='bbox 573 862 648 929; x_wconf 86' lang='lat' dir='ltr'><strong>Hos</strong></span> <span class='ocrx_word' id='word_1_24' title='bbox 666 858 834 953; x_wconf 83' lang='lat' dir='ltr'><strong>subsecuti</strong></span> <span class='ocrx_word' id='word_1_25' title='bbox 855 854 993 929; x_wconf 86' lang='lat' dir='ltr'><strong>calones</strong></span> <span class='ocrx_word' id='word_1_26' title='bbox 1008 860 1198 953; x_wconf 83' lang='lat' dir='ltr'><strong>equitesque</strong></span> <span class='ocrx_word' id='word_1_27' title='bbox 1217 859 1333 927; x_wconf 89' lang='lat' dir='ltr'><strong>eodem</strong></span> <span class='ocrx_word' id='word_1_28' title='bbox 1353 862 1406 929; x_wconf 89' lang='lat' dir='ltr'><strong>im·</strong></span> <span class='ocrx_word' id='word_1_29' title='bbox 1458 858 1462 868; x_wconf 77' lang='lat'>&#39;</span> 
     </span>
     <span class='ocr_line' id='line_1_5' title="bbox 345 966 1406 1059; baseline 0.003 -26"><span class='ocrx_word' id='word_1_30' title='bbox 345 979 448 1059; x_wconf 92' lang='lat' dir='ltr'><strong>petu,</strong></span> <span class='ocrx_word' id='word_1_31' title='bbox 466 966 607 1035; x_wconf 91' lang='lat' dir='ltr'><strong>militum</strong></span> <span class='ocrx_word' id='word_1_32' title='bbox 628 968 751 1035; x_wconf 90' lang='lat' dir='ltr'><strong>virtute</strong></span> <span class='ocrx_word' id='word_1_33' title='bbox 772 980 955 1035; x_wconf 86' lang='lat' dir='ltr'><strong>servantur.</strong></span> <span class='ocrx_word' id='word_1_34' title='bbox 971 966 1016 1034; x_wconf 77' lang='lat' dir='ltr'><strong>At</strong></span> <span class='ocrx_word' id='word_1_35' title='bbox 1036 966 1080 1051; x_wconf 91' lang='lat' dir='ltr'><strong>ii,</strong></span> <span class='ocrx_word' id='word_1_36' title='bbox 1095 966 1151 1059; x_wconf 89' lang='lat' dir='ltr'><strong>qui</strong></span> <span class='ocrx_word' id='word_1_37' title='bbox 1169 966 1203 1035; x_wconf 91' lang='lat' dir='ltr'><strong>in</strong></span> <span class='ocrx_word' id='word_1_38' title='bbox 1217 966 1300 1059; x_wconf 88' lang='lat' dir='ltr'><strong>jugo</strong></span> <span class='ocrx_word' id='word_1_39' title='bbox 1321 992 1406 1036; x_wconf 85' lang='lat' dir='ltr'><strong>cons·</strong></span> 
     </span>
     <span class='ocr_line' id='line_1_6' title="bbox 344 1058 1407 1167; baseline 0.003 -28"><span class='ocrx_word' id='word_1_40' title='bbox 344 1073 500 1160; x_wconf 88' lang='lat' dir='ltr'><strong>titerant,</strong></span> <span class='ocrx_word' id='word_1_41' title='bbox 518 1072 610 1143; x_wconf 91' lang='lat' dir='ltr'><strong>nullo</strong></span> <span class='ocrx_word' id='word_1_42' title='bbox 636 1075 736 1142; x_wconf 91' lang='lat' dir='ltr'><strong>etiam</strong></span> <span class='ocrx_word' id='word_1_43' title='bbox 764 1098 854 1141; x_wconf 89' lang='lat' dir='ltr'><strong>nunc</strong></span> <span class='ocrx_word' id='word_1_44' title='bbox 876 1098 939 1142; x_wconf 92' lang='lat' dir='ltr'><strong>usu</strong></span> <span class='ocrx_word' id='word_1_45' title='bbox 969 1072 1016 1141; x_wconf 92' lang='lat' dir='ltr'><strong>rei</strong></span> <span class='ocrx_word' id='word_1_46' title='bbox 1045 1071 1195 1141; x_wconf 89' lang='lat' dir='ltr'><strong>militaris</strong></span> <span class='ocrx_word' id='word_1_47' title='bbox 1219 1088 1373 1167; x_wconf 86' lang='lat' dir='ltr'><strong>percepto</strong></span> <span class='ocrx_word' id='word_1_48' title='bbox 1386 1058 1407 1161; x_wconf 76' lang='lat'><strong>⁶,</strong></span> 
     </span>
     <span class='ocr_line' id='line_1_7' title="bbox 345 1176 1407 1275; baseline 0.002 -28"><span class='ocrx_word' id='word_1_49' title='bbox 345 1202 454 1272; x_wconf 89' lang='lat' dir='ltr'><strong>neque</strong></span> <span class='ocrx_word' id='word_1_50' title='bbox 471 1181 505 1247; x_wconf 92' lang='lat' dir='ltr'><strong>in</strong></span> <span class='ocrx_word' id='word_1_51' title='bbox 527 1206 588 1265; x_wconf 89' lang='lat' dir='ltr'><strong>eo,</strong></span> <span class='ocrx_word' id='word_1_52' title='bbox 609 1179 699 1275; x_wconf 91' lang='lat' dir='ltr'><strong>quod</strong></span> <span class='ocrx_word' id='word_1_53' title='bbox 722 1180 965 1273; x_wconf 84' lang='lat' dir='ltr'><strong>probaverant,</strong></span> <span class='ocrx_word' id='word_1_54' title='bbox 987 1176 1125 1248; x_wconf 88' lang='lat' dir='ltr'><strong>consilio</strong></span> <span class='ocrx_word' id='word_1_55' title='bbox 1146 1202 1357 1275; x_wconf 87' lang='lat' dir='ltr'><strong>permanere,</strong></span> <span class='ocrx_word' id='word_1_56' title='bbox 1375 1193 1407 1249; x_wconf 91' lang='lat' dir='ltr'><strong>ut</strong></span> 
     </span>
     <span class='ocr_line' id='line_1_8' title="bbox 346 1283 1408 1382; baseline 0.003 -30"><span class='ocrx_word' id='word_1_57' title='bbox 346 1308 382 1352; x_wconf 89' lang='lat' dir='ltr'><strong>se</strong></span> <span class='ocrx_word' id='word_1_58' title='bbox 394 1283 468 1354; x_wconf 91' lang='lat' dir='ltr'><strong>loco</strong></span> <span class='ocrx_word' id='word_1_59' title='bbox 481 1287 651 1382; x_wconf 85' lang='lat' dir='ltr'>superiore</span> <span class='ocrx_word' id='word_1_60' title='bbox 664 1286 900 1375; x_wconf 81' lang='lat' dir='ltr'><strong>defenderent,</strong></span> <span class='ocrx_word' id='word_1_61' title='bbox 913 1310 1020 1381; x_wconf 90' lang='lat' dir='ltr'><strong>neque</strong></span> <span class='ocrx_word' id='word_1_62' title='bbox 1034 1309 1129 1373; x_wconf 86' lang='lat' dir='ltr'><strong>eam,</strong></span> <span class='ocrx_word' id='word_1_63' title='bbox 1142 1283 1242 1379; x_wconf 87' lang='lat' dir='ltr'><strong>quam</strong></span> <span class='ocrx_word' id='word_1_64' title='bbox 1255 1285 1408 1380; x_wconf 72' lang='lat' dir='ltr'><strong>prefuisse</strong></span> 
     </span>
     <span class='ocr_line' id='line_1_9' title="bbox 345 1388 1407 1487; baseline 0.004 -30"><span class='ocrx_word' id='word_1_65' title='bbox 345 1388 416 1459; x_wconf 91' lang='lat' dir='ltr'><strong>aliis</strong></span> <span class='ocrx_word' id='word_1_66' title='bbox 437 1394 506 1461; x_wconf 89' lang='lat' dir='ltr'><strong>vim</strong></span> <span class='ocrx_word' id='word_1_67' title='bbox 523 1391 790 1487; x_wconf 79' lang='lat' dir='ltr'><strong>celeritatemque</strong></span> <span class='ocrx_word' id='word_1_68' title='bbox 806 1392 976 1482; x_wconf 85' lang='lat' dir='ltr'><strong>viderant,</strong></span> <span class='ocrx_word' id='word_1_69' title='bbox 992 1394 1112 1461; x_wconf 87' lang='lat' dir='ltr'><strong>imitari</strong></span> <span class='ocrx_word' id='word_1_70' title='bbox 1130 1408 1331 1487; x_wconf 83' lang='lat' dir='ltr'><strong>potuerunt3</strong></span> <span class='ocrx_word' id='word_1_71' title='bbox 1342 1392 1407 1481; x_wconf 87' lang='lat' dir='ltr'><strong>sed,</strong></span> 
     </span>
     <span class='ocr_line' id='line_1_10' title="bbox 345 1498 1407 1594; baseline 0.003 -30"><span class='ocrx_word' id='word_1_72' title='bbox 345 1521 381 1565; x_wconf 90' lang='lat' dir='ltr'><strong>se</strong></span> <span class='ocrx_word' id='word_1_73' title='bbox 395 1498 429 1565; x_wconf 92' lang='lat' dir='ltr'><strong>in</strong></span> <span class='ocrx_word' id='word_1_74' title='bbox 443 1514 551 1568; x_wconf 87' lang='lat' dir='ltr'><strong>castra</strong></span> <span class='ocrx_word' id='word_1_75' title='bbox 565 1502 713 1594; x_wconf 88' lang='lat' dir='ltr'><strong>recipere</strong></span> <span class='ocrx_word' id='word_1_76' title='bbox 726 1502 837 1569; x_wconf 89' lang='lat' dir='ltr'><strong>conati</strong></span> <span class='ocrx_word' id='word_1_77' title='bbox 850 1501 1019 1594; x_wconf 91' lang='lat' dir='ltr'><strong>,iniquum</strong></span> <span class='ocrx_word' id='word_1_78' title='bbox 1032 1501 1067 1568; x_wconf 91' lang='lat' dir='ltr'><strong>in</strong></span> <span class='ocrx_word' id='word_1_79' title='bbox 1082 1498 1194 1569; x_wconf 89' lang='lat' dir='ltr'><strong>locum</strong></span> <span class='ocrx_word' id='word_1_80' title='bbox 1208 1498 1407 1568; x_wconf 88' lang='lat' dir='ltr'><strong>demiserant</strong></span> 
     </span>
     <span class='ocr_line' id='line_1_11' title="bbox 346 1605 1409 1700; baseline 0.004 -29"><span class='ocrx_word' id='word_1_81' title='bbox 346 1605 586 1697; x_wconf 80' lang='lat' dir='ltr'><strong>Centuriones,</strong></span> <span class='ocrx_word' id='word_1_82' title='bbox 607 1613 751 1700; x_wconf 83' lang='lat' dir='ltr'><strong>quorum</strong></span> <span class='ocrx_word' id='word_1_83' title='bbox 770 1605 922 1676; x_wconf 90' lang='lat' dir='ltr'><strong>nonnulli</strong></span> <span class='ocrx_word' id='word_1_84' title='bbox 943 1632 983 1675; x_wconf 89' lang='lat' dir='ltr'><strong>ex</strong></span> <span class='ocrx_word' id='word_1_85' title='bbox 1000 1605 1227 1675; x_wconf 85' lang='lat' dir='ltr'><strong>inferioribus⁷</strong></span> <span class='ocrx_word' id='word_1_86' title='bbox 1248 1606 1409 1675; x_wconf 79' lang='lat' dir='ltr'><strong>ordinibus</strong></span> 
     </span>
     <span class='ocr_line' id='line_1_12' title="bbox 345 1708 1409 1807; baseline 0.003 -31"><span class='ocrx_word' id='word_1_87' title='bbox 345 1708 547 1804; x_wconf 84' lang='lat' dir='ltr'><strong>reliquamm</strong></span> <span class='ocrx_word' id='word_1_88' title='bbox 573 1710 742 1806; x_wconf 87' lang='lat' dir='ltr'><strong>legionum</strong></span> <span class='ocrx_word' id='word_1_89' title='bbox 771 1714 902 1783; x_wconf 89' lang='lat' dir='ltr'><strong>virtutis</strong></span> <span class='ocrx_word' id='word_1_90' title='bbox 927 1738 1028 1782; x_wconf 85' lang='lat' dir='ltr'><strong>cansa</strong></span> <span class='ocrx_word' id='word_1_91' title='bbox 1053 1714 1089 1782; x_wconf 91' lang='lat' dir='ltr'><strong>in</strong></span> <span class='ocrx_word' id='word_1_92' title='bbox 1111 1714 1299 1807; x_wconf 86' lang='lat' dir='ltr'><strong>superiores</strong></span> <span class='ocrx_word' id='word_1_93' title='bbox 1326 1724 1409 1785; x_wconf 85' lang='lat' dir='ltr'><strong>erant</strong></span> 
     </span>
     <span class='ocr_line' id='line_1_13' title="bbox 345 1817 1408 1914; baseline 0.003 -31"><span class='ocrx_word' id='word_1_94' title='bbox 345 1817 478 1886; x_wconf 88' lang='lat' dir='ltr'><strong>ordines</strong></span> <span class='ocrx_word' id='word_1_95' title='bbox 495 1820 595 1912; x_wconf 90' lang='lat' dir='ltr'><strong>hujus</strong></span> <span class='ocrx_word' id='word_1_96' title='bbox 613 1817 751 1914; x_wconf 84' lang='lat' dir='ltr'><strong>legionis</strong></span> <span class='ocrx_word' id='word_1_97' title='bbox 768 1819 971 1909; x_wconf 83' lang='lat' dir='ltr'><strong>transducti,</strong></span> <span class='ocrx_word' id='word_1_98' title='bbox 988 1845 1030 1888; x_wconf 88' lang='lat' dir='ltr'><strong>ne</strong></span> <span class='ocrx_word' id='word_1_99' title='bbox 1048 1834 1125 1889; x_wconf 87' lang='lat' dir='ltr'><strong>ante</strong></span> <span class='ocrx_word' id='word_1_100' title='bbox 1146 1834 1278 1913; x_wconf 85' lang='lat' dir='ltr'><strong>partam</strong></span> <span class='ocrx_word' id='word_1_101' title='bbox 1296 1822 1342 1888; x_wconf 91' lang='lat' dir='ltr'><strong>rei</strong></span> <span class='ocrx_word' id='word_1_102' title='bbox 1357 1819 1408 1887; x_wconf 90' lang='lat' dir='ltr'><strong>mi·</strong></span> 
     </span>
     <span class='ocr_line' id='line_1_14' title="bbox 344 1920 1408 2021; baseline 0.002 -31"><span class='ocrx_word' id='word_1_103' title='bbox 344 1920 447 1991; x_wconf 79' lang='lat' dir='ltr'><strong>litatis</strong></span> <span class='ocrx_word' id='word_1_104' title='bbox 468 1923 601 1993; x_wconf 85' lang='lat' dir='ltr'><strong>laudem</strong></span> <span class='ocrx_word' id='word_1_105' title='bbox 619 1921 828 2015; x_wconf 82' lang='lat' dir='ltr'><strong>amitterent,</strong></span> <span class='ocrx_word' id='word_1_106' title='bbox 854 1928 1030 1996; x_wconf 81' lang='lat' dir='ltr'><strong>fortissime</strong></span> <span class='ocrx_word' id='word_1_107' title='bbox 1058 1940 1244 2021; x_wconf 83' lang='lat' dir='ltr'><strong>pugnantes</strong></span> <span class='ocrx_word' id='word_1_108' title='bbox 1266 1924 1408 1995; x_wconf 89' lang='lat' dir='ltr'><strong>concide·</strong></span> 
     </span>
     <span class='ocr_line' id='line_1_15' title="bbox 344 2030 1409 2127; baseline 0.002 -30"><span class='ocrx_word' id='word_1_109' title='bbox 344 2044 432 2097; x_wconf 89' lang='lat' dir='ltr'><strong>runt.</strong></span> <span class='ocrx_word' id='word_1_110' title='bbox 460 2030 605 2100; x_wconf 89' lang='lat' dir='ltr'><strong>Militum</strong></span> <span class='ocrx_word' id='word_1_111' title='bbox 631 2057 728 2127; x_wconf 87' lang='lat' dir='ltr'><strong>pars,</strong></span> <span class='ocrx_word' id='word_1_112' title='bbox 757 2034 880 2102; x_wconf 91' lang='lat' dir='ltr'><strong>horum</strong></span> <span class='ocrx_word' id='word_1_113' title='bbox 905 2035 1028 2102; x_wconf 90' lang='lat' dir='ltr'><strong>virtute</strong></span> <span class='ocrx_word' id='word_1_114' title='bbox 1052 2032 1214 2102; x_wconf 87' lang='lat' dir='ltr'><strong>submotis</strong></span> <span class='ocrx_word' id='word_1_115' title='bbox 1242 2032 1409 2127; x_wconf 83' lang='lat' dir='ltr'><strong>hostibus,</strong></span> 
     </span>
     <span class='ocr_line' id='line_1_16' title="bbox 344 2138 1409 2235; baseline 0.005 -33"><span class='ocrx_word' id='word_1_116' title='bbox 344 2150 466 2229; x_wconf 78' lang='lat' dir='ltr'><strong>prater</strong></span> <span class='ocrx_word' id='word_1_117' title='bbox 483 2162 576 2235; x_wconf 91' lang='lat' dir='ltr'><strong>spem</strong></span> <span class='ocrx_word' id='word_1_118' title='bbox 591 2138 765 2209; x_wconf 90' lang='lat' dir='ltr'><strong>incolumis</strong></span> <span class='ocrx_word' id='word_1_119' title='bbox 781 2142 815 2207; x_wconf 93' lang='lat' dir='ltr'><strong>in</strong></span> <span class='ocrx_word' id='word_1_120' title='bbox 833 2154 942 2209; x_wconf 86' lang='lat' dir='ltr'><strong>castra</strong></span> <span class='ocrx_word' id='word_1_121' title='bbox 959 2142 1132 2235; x_wconf 83' lang='lat' dir='ltr'><strong>pervenit3</strong></span> <span class='ocrx_word' id='word_1_122' title='bbox 1145 2163 1223 2234; x_wconf 90' lang='lat' dir='ltr'><strong>pars</strong></span> <span class='ocrx_word' id='word_1_123' title='bbox 1238 2164 1258 2209; x_wconf 90' lang='lat' dir='ltr'><strong>a</strong></span> <span class='ocrx_word' id='word_1_124' title='bbox 1271 2138 1409 2208; x_wconf 84' lang='lat' dir='ltr'><strong>barbaris</strong></span> 
     </span>
     <span class='ocr_line' id='line_1_17' title="bbox 344 2244 1260 2341; baseline 0.004 -30"><span class='ocrx_word' id='word_1_125' title='bbox 344 2244 573 2313; x_wconf 85' lang='lat' dir='ltr'><strong>circumventa</strong></span> <span class='ocrx_word' id='word_1_126' title='bbox 593 2248 698 2340; x_wconf 87' lang='lat' dir='ltr'><strong>periit.</strong></span> <span class='ocrx_word' id='word_1_127' title='bbox 941 2336 947 2341; x_wconf 24' lang='grc' dir='ltr'><strong><em>Ι</em></strong></span> <span class='ocrx_word' id='word_1_128' title='bbox 1074 2324 1076 2336; x_wconf 23' lang='lat' dir='ltr'>y</span> <span class='ocrx_word' id='word_1_129' title='bbox 1255 2332 1260 2340; x_wconf 19' lang='grc' dir='ltr'>ι</span> 
     </span>
    </p>

    <p class='ocr_par' dir='ltr' id='par_1_3' title="bbox 344 2352 1409 2553">
     <span class='ocr_line' id='line_1_18' title="bbox 347 2352 1408 2448; baseline 0.001 -29"><span class='ocrx_word' id='word_1_130' title='bbox 347 2412 351 2419; x_wconf 92' lang='grc'>.</span> <span class='ocrx_word' id='word_1_131' title='bbox 397 2352 489 2427; x_wconf 81' lang='lat' dir='ltr'><strong>XLI.</strong></span> <span class='ocrx_word' id='word_1_132' title='bbox 519 2354 702 2441; x_wconf 85' lang='lat' dir='ltr'><strong>Germani,</strong></span> <span class='ocrx_word' id='word_1_133' title='bbox 723 2353 899 2448; x_wconf 89' lang='lat' dir='ltr'><strong>desperata</strong></span> <span class='ocrx_word' id='word_1_134' title='bbox 930 2355 1174 2448; x_wconf 84' lang='lat' dir='ltr'><strong>expugnatione</strong></span> <span class='ocrx_word' id='word_1_135' title='bbox 1207 2368 1408 2438; x_wconf 89' lang='lat' dir='ltr'><strong>castrorum,</strong></span> 
     </span>
     <span class='ocr_line' id='line_1_19' title="bbox 344 2456 1409 2553; baseline 0.002 -29"><span class='ocrx_word' id='word_1_136' title='bbox 344 2456 435 2549; x_wconf 90' lang='lat' dir='ltr'><strong>quod</strong></span> <span class='ocrx_word' id='word_1_137' title='bbox 458 2473 591 2528; x_wconf 87' lang='lat' dir='ltr'><strong>nostros</strong></span> <span class='ocrx_word' id='word_1_138' title='bbox 613 2460 683 2553; x_wconf 88' lang='lat' dir='ltr'><strong>jam</strong></span> <span class='ocrx_word' id='word_1_139' title='bbox 701 2462 887 2529; x_wconf 82' lang='lat' dir='ltr'><strong>constitisse</strong></span> <span class='ocrx_word' id='word_1_140' title='bbox 915 2462 950 2528; x_wconf 90' lang='lat' dir='ltr'><strong>in</strong></span> <span class='ocrx_word' id='word_1_141' title='bbox 974 2460 1212 2529; x_wconf 86' lang='lat' dir='ltr'><strong>munitionibus</strong></span> <span class='ocrx_word' id='word_1_142' title='bbox 1233 2460 1409 2544; x_wconf 79' lang='lat' dir='ltr'><strong>¹videbant,</strong></span> 
     </span>
    </p>
   </div>
   <div class='ocr_carea' id='block_1_3' title="bbox 344 2564 1410 3062">
    <p class='ocr_par' dir='ltr' id='par_1_4' title="bbox 344 2564 1410 3062">
     <span class='ocr_line' id='line_1_20' title="bbox 345 2564 1409 2661; baseline 0.001 -29"><span class='ocrx_word' id='word_1_143' title='bbox 345 2588 422 2632; x_wconf 91' lang='lat' dir='ltr'><strong>cum</strong></span> <span class='ocrx_word' id='word_1_144' title='bbox 434 2589 474 2632; x_wconf 88' lang='lat' dir='ltr'><strong>ea</strong></span> <span class='ocrx_word' id='word_1_145' title='bbox 484 2566 617 2659; x_wconf 84' lang='lat' dir='ltr'><strong>praeda,</strong></span> <span class='ocrx_word' id='word_1_146' title='bbox 632 2592 732 2660; x_wconf 90' lang='lat' dir='ltr'><strong>quam</strong></span> <span class='ocrx_word' id='word_1_147' title='bbox 746 2568 781 2634; x_wconf 92' lang='lat' dir='ltr'><strong>in</strong></span> <span class='ocrx_word' id='word_1_148' title='bbox 795 2564 883 2635; x_wconf 81' lang='lat' dir='ltr'><strong>siluis</strong></span> <span class='ocrx_word' id='word_1_149' title='bbox 899 2564 1142 2661; x_wconf 86' lang='lat' dir='ltr'><strong>deposueiant,</strong></span> <span class='ocrx_word' id='word_1_150' title='bbox 1153 2582 1244 2635; x_wconf 87' lang='lat' dir='ltr'><strong>trans</strong></span> <span class='ocrx_word' id='word_1_151' title='bbox 1262 2568 1409 2635; x_wconf 89' lang='lat' dir='ltr'><strong>Rhenum</strong></span> 
     </span>
     <span class='ocr_line' id='line_1_21' title="bbox 345 2672 1408 2767; baseline 0.002 -30"><span class='ocrx_word' id='word_1_152' title='bbox 345 2693 416 2739; x_wconf 87' lang='lat' dir='ltr'><strong>sese</strong></span> <span class='ocrx_word' id='word_1_153' title='bbox 447 2688 655 2765; x_wconf 88' lang='lat' dir='ltr'><strong>receperunt.</strong></span> <span class='ocrx_word' id='word_1_154' title='bbox 684 2675 734 2741; x_wconf 83' lang='lat' dir='ltr'><strong>Ac</strong></span> <span class='ocrx_word' id='word_1_155' title='bbox 762 2688 874 2741; x_wconf 83' lang='lat' dir='ltr'><strong>tantus</strong></span> <span class='ocrx_word' id='word_1_156' title='bbox 902 2672 998 2760; x_wconf 80' lang='lat' dir='ltr'><strong>fuit¹,</strong></span> <span class='ocrx_word' id='word_1_157' title='bbox 1015 2675 1116 2743; x_wconf 91' lang='lat' dir='ltr'><strong>etiam</strong></span> <span class='ocrx_word' id='word_1_158' title='bbox 1134 2688 1211 2767; x_wconf 87' lang='lat' dir='ltr'><strong>post</strong></span> <span class='ocrx_word' id='word_1_159' title='bbox 1236 2673 1408 2743; x_wconf 87' lang='lat' dir='ltr'><strong>discessum</strong></span> 
     </span>
     <span class='ocr_line' id='line_1_22' title="bbox 344 2773 1410 2873; baseline 0.002 -30"><span class='ocrx_word' id='word_1_160' title='bbox 344 2773 651 2864; x_wconf 85' lang='lat' dir='ltr'><strong>hostium,terror,</strong></span> <span class='ocrx_word' id='word_1_161' title='bbox 670 2792 709 2846; x_wconf 89' lang='lat' dir='ltr'><strong>ut</strong></span> <span class='ocrx_word' id='word_1_162' title='bbox 729 2803 769 2846; x_wconf 91' lang='lat' dir='ltr'><strong>ea</strong></span> <span class='ocrx_word' id='word_1_163' title='bbox 790 2794 1022 2873; x_wconf 81' lang='lat' dir='ltr'><strong>noctc,quum</strong></span> <span class='ocrx_word' id='word_1_164' title='bbox 1035 2782 1073 2849; x_wconf 92' lang='lat' dir='ltr'><strong>C.</strong></span> <span class='ocrx_word' id='word_1_165' title='bbox 1085 2779 1276 2849; x_wconf 86' lang='lat' dir='ltr'><strong>Volusenus</strong></span> <span class='ocrx_word' id='word_1_166' title='bbox 1301 2780 1410 2848; x_wconf 89' lang='lat' dir='ltr'><strong>missus</strong></span> 
     </span>
     <span class='ocr_line' id='line_1_23' title="bbox 344 2882 1409 2975; baseline 0.003 -27"><span class='ocrx_word' id='word_1_167' title='bbox 344 2906 422 2949; x_wconf 89' lang='lat' dir='ltr'><strong>cum</strong></span> <span class='ocrx_word' id='word_1_168' title='bbox 441 2886 589 2975; x_wconf 88' lang='lat' dir='ltr'><strong>equitatu</strong></span> <span class='ocrx_word' id='word_1_169' title='bbox 606 2884 650 2951; x_wconf 91' lang='lat' dir='ltr'><strong>ad</strong></span> <span class='ocrx_word' id='word_1_170' title='bbox 670 2899 779 2953; x_wconf 88' lang='lat' dir='ltr'><strong>castra</strong></span> <span class='ocrx_word' id='word_1_171' title='bbox 800 2888 962 2973; x_wconf 83' lang='lat' dir='ltr'><strong>venisset,</strong></span> <span class='ocrx_word' id='word_1_172' title='bbox 976 2885 1077 2954; x_wconf 89' lang='lat' dir='ltr'><strong>fidem</strong></span> <span class='ocrx_word' id='word_1_173' title='bbox 1098 2912 1166 2955; x_wconf 93' lang='lat' dir='ltr'><strong>non</strong></span> <span class='ocrx_word' id='word_1_174' title='bbox 1185 2883 1340 2973; x_wconf 82' lang='lat' dir='ltr'><strong>faceret&#39;‚</strong></span> <span class='ocrx_word' id='word_1_175' title='bbox 1360 2882 1409 2951; x_wconf 89' lang='lat' dir='ltr'><strong>ad-</strong></span> 
     </span>
     <span class='ocr_line' id='line_1_24' title="bbox 344 2978 1409 3062; baseline 0.004 -7"><span class='ocrx_word' id='word_1_176' title='bbox 344 3011 417 3057; x_wconf 88' lang='lat' dir='ltr'><strong>esse</strong></span> <span class='ocrx_word' id='word_1_177' title='bbox 437 3014 515 3060; x_wconf 91' lang='lat' dir='ltr'><strong>cum</strong></span> <span class='ocrx_word' id='word_1_178' title='bbox 532 2988 692 3059; x_wconf 89' lang='lat' dir='ltr'><strong>incolumi</strong></span> <span class='ocrx_word' id='word_1_179' title='bbox 712 2978 901 3061; x_wconf 80' lang='lat' dir='ltr'><strong>Caesarem³</strong></span> <span class='ocrx_word' id='word_1_180' title='bbox 924 2994 1080 3062; x_wconf 87' lang='lat' dir='ltr'><strong>exercitu.</strong></span> <span class='ocrx_word' id='word_1_181' title='bbox 1104 2994 1159 3061; x_wconf 89' lang='lat' dir='ltr'><strong>Sic</strong></span> <span class='ocrx_word' id='word_1_182' title='bbox 1176 2994 1329 3061; x_wconf 87' lang='lat' dir='ltr'><strong>omniurn</strong></span> <span class='ocrx_word' id='word_1_183' title='bbox 1349 2990 1409 3059; x_wconf 87' lang='lat' dir='ltr'><strong>ani·</strong></span> 
     </span>
    </p>
   </div>
   <div class='ocr_carea' id='block_1_4' title="bbox 343 3201 1414 4317">
    <p class='ocr_par' dir='ltr' id='par_1_5' title="bbox 343 3201 1411 3595">
     <span class='ocr_line' id='line_1_25' title="bbox 386 3201 1411 3276; baseline 0.001 -20"><span class='ocrx_word' id='word_1_184' title='bbox 386 3206 413 3256; x_wconf 88' lang='lat'><strong>6.</strong></span> <span class='ocrx_word' id='word_1_185' title='bbox 424 3202 475 3254; x_wconf 83' lang='lat' dir='ltr'><strong>Usu</strong></span> <span class='ocrx_word' id='word_1_186' title='bbox 478 3216 598 3274; x_wconf 81' lang='lat' dir='ltr'><strong>percepto.</strong></span> <span class='ocrx_word' id='word_1_187' title='bbox 607 3204 668 3257; x_wconf 89' lang='lat' dir='ltr'><strong>Scil.</strong></span> <span class='ocrx_word' id='word_1_188' title='bbox 678 3205 726 3276; x_wconf 91' lang='lat' dir='ltr'><strong>qui</strong></span> <span class='ocrx_word' id='word_1_189' title='bbox 737 3201 859 3256; x_wconf 90' lang='lat' dir='ltr'><strong>nondum</strong></span> <span class='ocrx_word' id='word_1_190' title='bbox 902 3222 1044 3269; x_wconf 87' lang='lat' dir='ltr'><strong>ranorum,</strong></span> <span class='ocrx_word' id='word_1_191' title='bbox 1054 3203 1411 3276; x_wconf 74' lang='lat' dir='ltr'><strong>adipiscebantur3novteque</strong></span> 
     </span>
     <span class='ocr_line' id='line_1_26' title="bbox 344 3282 1411 3356; baseline 0.001 -22"><span class='ocrx_word' id='word_1_192' title='bbox 344 3296 517 3354; x_wconf 82' lang='lat' dir='ltr'><strong>perceperant</strong></span> <span class='ocrx_word' id='word_1_193' title='bbox 537 3284 735 3355; x_wconf 81' lang='lat' dir='ltr'><strong>experientiam.</strong></span> <span class='ocrx_word' id='word_1_194' title='bbox 751 3286 785 3337; x_wconf 77' lang='grc' dir='ltr'><strong>Τὸ</strong></span> <span class='ocrx_word' id='word_1_195' title='bbox 805 3304 860 3353; x_wconf 82' lang='lat' dir='ltr'><strong>per-</strong></span> <span class='ocrx_word' id='word_1_196' title='bbox 902 3284 1020 3356; x_wconf 86' lang='lat' dir='ltr'><strong>legiones</strong></span> <span class='ocrx_word' id='word_1_197' title='bbox 1036 3282 1070 3337; x_wconf 91' lang='lat' dir='ltr'><strong>ad</strong></span> <span class='ocrx_word' id='word_1_198' title='bbox 1084 3284 1246 3355; x_wconf 86' lang='lat' dir='ltr'><strong>optimarum</strong></span> <span class='ocrx_word' id='word_1_199' title='bbox 1258 3282 1369 3337; x_wconf 88' lang='lat' dir='ltr'><strong>modum</strong></span> <span class='ocrx_word' id='word_1_200' title='bbox 1380 3291 1411 3331; x_wconf 81' lang='lat' dir='ltr'><strong>tt·</strong></span> 
     </span>
     <span class='ocr_line' id='line_1_27' title="bbox 344 3359 1411 3435; baseline -0.002 -21"><span class='ocrx_word' id='word_1_201' title='bbox 344 3361 562 3433; x_wconf 82' lang='lat' dir='ltr'><strong>coptodelendum</strong></span> <span class='ocrx_word' id='word_1_202' title='bbox 569 3362 679 3435; x_wconf 84' lang='lat' dir='ltr'><strong>quidam</strong></span> <span class='ocrx_word' id='word_1_203' title='bbox 687 3376 792 3435; x_wconf 74' lang='lat' dir='ltr'><strong>putant.</strong></span> <span class='ocrx_word' id='word_1_204' title='bbox 801 3364 860 3417; x_wconf 81' lang='lat' dir='ltr'><strong>Sca·</strong></span> <span class='ocrx_word' id='word_1_205' title='bbox 903 3383 955 3435; x_wconf 91' lang='lat' dir='ltr'><strong>que</strong></span> <span class='ocrx_word' id='word_1_206' title='bbox 967 3363 1148 3435; x_wconf 88' lang='lat' dir='ltr'><strong>disciplinam,</strong></span> <span class='ocrx_word' id='word_1_207' title='bbox 1157 3366 1215 3416; x_wconf 86' lang='lat' dir='ltr'><strong>sine</strong></span> <span class='ocrx_word' id='word_1_208' title='bbox 1225 3364 1281 3416; x_wconf 88' lang='lat' dir='ltr'><strong>ulla</strong></span> <span class='ocrx_word' id='word_1_209' title='bbox 1292 3359 1411 3434; x_wconf 82' lang='lat' dir='ltr'><strong>temporit</strong></span> 
     </span>
     <span class='ocr_line' id='line_1_28' title="bbox 344 3441 1380 3515; baseline -0.001 -21"><span class='ocrx_word' id='word_1_210' title='bbox 344 3442 411 3513; x_wconf 84' lang='lat' dir='ltr'><strong>liger</strong></span> <span class='ocrx_word' id='word_1_211' title='bbox 419 3441 449 3494; x_wconf 93' lang='lat' dir='ltr'><strong>id</strong></span> <span class='ocrx_word' id='word_1_212' title='bbox 456 3444 562 3496; x_wconf 80' lang='lat' dir='ltr'><strong>uncinis</strong></span> <span class='ocrx_word' id='word_1_213' title='bbox 568 3444 664 3509; x_wconf 85' lang='lat' dir='ltr'><strong>cinxit,</strong></span> <span class='ocrx_word' id='word_1_214' title='bbox 673 3455 767 3496; x_wconf 84' lang='lat' dir='ltr'><strong>contra</strong></span> <span class='ocrx_word' id='word_1_215' title='bbox 778 3444 861 3497; x_wconf 75' lang='lat' dir='ltr'><strong>Caesa·</strong></span> <span class='ocrx_word' id='word_1_216' title='bbox 900 3445 1017 3515; x_wconf 84' lang='lat' dir='ltr'><strong>jactura,</strong></span> <span class='ocrx_word' id='word_1_217' title='bbox 1029 3444 1164 3515; x_wconf 84' lang='lat' dir='ltr'><strong>lingebant</strong></span> <span class='ocrx_word' id='word_1_218' title='bbox 1179 3444 1380 3497; x_wconf 76' lang='lat' dir='ltr'><strong>robustissimas.</strong></span> 
     </span>
     <span class='ocr_line' id='line_1_29' title="bbox 343 3522 1411 3595; baseline -0.003 -21"><span class='ocrx_word' id='word_1_219' title='bbox 343 3523 381 3575; x_wconf 84' lang='lat' dir='ltr'><strong>ris</strong></span> <span class='ocrx_word' id='word_1_220' title='bbox 391 3523 658 3595; x_wconf 86' lang='lat' dir='ltr'><strong>ipsiusautoritatem.</strong></span> <span class='ocrx_word' id='word_1_221' title='bbox 667 3524 738 3576; x_wconf 70' lang='grc' dir='ltr'><strong>Μ.</strong></span> <span class='ocrx_word' id='word_1_222' title='bbox 752 3540 801 3587; x_wconf 83' lang='lat'><strong>111,</strong></span> <span class='ocrx_word' id='word_1_223' title='bbox 812 3525 859 3587; x_wconf 73' lang='grc'><strong>84.</strong></span> <span class='ocrx_word' id='word_1_224' title='bbox 943 3524 1008 3578; x_wconf 75' lang='lat' dir='ltr'><strong>Cir.</strong></span> <span class='ocrx_word' id='word_1_225' title='bbox 1019 3524 1094 3583; x_wconf 71' lang='lat' dir='ltr'><strong>XLI.</strong></span> <span class='ocrx_word' id='word_1_226' title='bbox 1109 3543 1133 3577; x_wconf 89' lang='lat'><strong>1.</strong></span> <span class='ocrx_word' id='word_1_227' title='bbox 1147 3523 1188 3576; x_wconf 83' lang='lat' dir='ltr'><strong>Ac</strong></span> <span class='ocrx_word' id='word_1_228' title='bbox 1204 3536 1286 3575; x_wconf 81' lang='lat' dir='ltr'><strong>tantus</strong></span> <span class='ocrx_word' id='word_1_229' title='bbox 1295 3526 1355 3590; x_wconf 82' lang='lat' dir='ltr'><strong>fuit.</strong></span> <span class='ocrx_word' id='word_1_230' title='bbox 1367 3522 1411 3572; x_wconf 84' lang='lat' dir='ltr'><strong>Da-</strong></span> 
     </span>
    </p>

    <p class='ocr_par' dir='ltr' id='par_1_6' title="bbox 343 3601 1414 4317">
     <span class='ocr_line' id='line_1_30' title="bbox 378 3601 1414 3675; baseline -0.003 -20"><span class='ocrx_word' id='word_1_231' title='bbox 378 3603 533 3672; x_wconf 82' lang='lat' dir='ltr'><strong>7.Nonuullt&#39;</strong></span> <span class='ocrx_word' id='word_1_232' title='bbox 538 3602 734 3671; x_wconf 75' lang='lat' dir='ltr'><strong>eciaserioribus.</strong></span> <span class='ocrx_word' id='word_1_233' title='bbox 742 3604 782 3655; x_wconf 92' lang='lat' dir='ltr'><strong>Ut</strong></span> <span class='ocrx_word' id='word_1_234' title='bbox 788 3601 859 3675; x_wconf 92' lang='lat' dir='ltr'><strong>apud</strong></span> <span class='ocrx_word' id='word_1_235' title='bbox 902 3602 985 3656; x_wconf 74' lang='lat' dir='ltr'><strong>vitius</strong></span> <span class='ocrx_word' id='word_1_236' title='bbox 996 3604 1054 3657; x_wconf 78' lang='lat' dir='ltr'><strong>vult</strong></span> <span class='ocrx_word' id='word_1_237' title='bbox 1068 3616 1097 3655; x_wconf 83' lang='lat' dir='ltr'><strong>ot</strong></span> <span class='ocrx_word' id='word_1_238' title='bbox 1111 3615 1201 3656; x_wconf 81' lang='lat' dir='ltr'><strong>tantus.</strong></span> <span class='ocrx_word' id='word_1_239' title='bbox 1219 3604 1376 3675; x_wconf 74' lang='lat' dir='ltr'><strong>Perpetem,</strong></span> <span class='ocrx_word' id='word_1_240' title='bbox 1390 3611 1414 3651; x_wconf 84' lang='lat' dir='ltr'><strong>et</strong></span> 
     </span>
     <span class='ocr_line' id='line_1_31' title="bbox 344 3680 1391 3753; baseline -0.004 -18"><span class='ocrx_word' id='word_1_241' title='bbox 344 3680 587 3753; x_wconf 76' lang='lat' dir='ltr'><strong>nonaliquandoiit,</strong></span> <span class='ocrx_word' id='word_1_242' title='bbox 594 3683 719 3735; x_wconf 86' lang='lat' dir='ltr'><strong>nonnulli</strong></span> <span class='ocrx_word' id='word_1_243' title='bbox 727 3684 860 3736; x_wconf 79' lang='lat' dir='ltr'><strong>inferioris</strong></span> <span class='ocrx_word' id='word_1_244' title='bbox 902 3683 960 3737; x_wconf 85' lang='lat' dir='ltr'><strong>sine</strong></span> <span class='ocrx_word' id='word_1_245' title='bbox 974 3684 1138 3737; x_wconf 83' lang='lat' dir='ltr'><strong>auctoritate.</strong></span> <span class='ocrx_word' id='word_1_246' title='bbox 1155 3682 1247 3737; x_wconf 82' lang='lat' dir='ltr'><strong>Nostri</strong></span> <span class='ocrx_word' id='word_1_247' title='bbox 1262 3680 1341 3735; x_wconf 86' lang='lat' dir='ltr'><strong>codd.</strong></span> <span class='ocrx_word' id='word_1_248' title='bbox 1357 3698 1391 3731; x_wconf 81' lang='lat' dir='ltr'><strong>ae.</strong></span> 
     </span>
     <span class='ocr_line' id='line_1_32' title="bbox 344 3756 1411 3833; baseline -0.001 -18"><span class='ocrx_word' id='word_1_249' title='bbox 344 3761 859 3833; x_wconf 81' lang='lat' dir='ltr'><strong>ordiniscenmrionesinlegionevetere,</strong></span> <span class='ocrx_word' id='word_1_250' title='bbox 945 3784 971 3816; x_wconf 74' lang='lat' dir='ltr'><strong>a.</strong></span> <span class='ocrx_word' id='word_1_251' title='bbox 987 3764 1074 3815; x_wconf 81' lang='lat' dir='ltr'><strong>Fidem</strong></span> <span class='ocrx_word' id='word_1_252' title='bbox 1096 3783 1144 3815; x_wconf 86' lang='lat' dir='ltr'><strong>non</strong></span> <span class='ocrx_word' id='word_1_253' title='bbox 1153 3764 1255 3831; x_wconf 78' lang='lat' dir='ltr'><strong>faceret.</strong></span> <span class='ocrx_word' id='word_1_254' title='bbox 1276 3764 1316 3815; x_wconf 80' lang='lat' dir='ltr'><strong>Ita</strong></span> <span class='ocrx_word' id='word_1_255' title='bbox 1339 3756 1411 3814; x_wconf 71' lang='lat' dir='ltr'><strong>codd</strong></span> 
     </span>
     <span class='ocr_line' id='line_1_33' title="bbox 345 3840 1412 3914; baseline -0.002 -17"><span class='ocrx_word' id='word_1_256' title='bbox 345 3842 379 3897; x_wconf 84' lang='lat' dir='ltr'><strong>ad</strong></span> <span class='ocrx_word' id='word_1_257' title='bbox 386 3844 536 3914; x_wconf 79' lang='lat' dir='ltr'><strong>superiores</strong></span> <span class='ocrx_word' id='word_1_258' title='bbox 544 3844 655 3913; x_wconf 82' lang='lat' dir='ltr'><strong>legionis</strong></span> <span class='ocrx_word' id='word_1_259' title='bbox 662 3856 783 3895; x_wconf 81' lang='lat' dir='ltr'><strong>recenter</strong></span> <span class='ocrx_word' id='word_1_260' title='bbox 794 3862 859 3895; x_wconf 85' lang='lat' dir='ltr'><strong>con·</strong></span> <span class='ocrx_word' id='word_1_261' title='bbox 903 3856 961 3895; x_wconf 87' lang='lat' dir='ltr'><strong>tum</strong></span> <span class='ocrx_word' id='word_1_262' title='bbox 974 3844 1076 3909; x_wconf 88' lang='lat' dir='ltr'><strong>nostri,</strong></span> <span class='ocrx_word' id='word_1_263' title='bbox 1086 3856 1144 3897; x_wconf 89' lang='lat' dir='ltr'><strong>tum</strong></span> <span class='ocrx_word' id='word_1_264' title='bbox 1157 3840 1333 3913; x_wconf 86' lang='lat' dir='ltr'><strong>Oudendorp.</strong></span> <span class='ocrx_word' id='word_1_265' title='bbox 1348 3840 1412 3895; x_wconf 79' lang='lat' dir='ltr'><strong>can·</strong></span> 
     </span>
     <span class='ocr_line' id='line_1_34' title="bbox 344 3918 1411 3999; baseline -0.003 -23"><span class='ocrx_word' id='word_1_266' title='bbox 344 3924 451 3995; x_wconf 71' lang='lat' dir='ltr'><strong>scripta</strong></span> <span class='ocrx_word' id='word_1_267' title='bbox 478 3922 608 3988; x_wconf 77' lang='lat' dir='ltr'><strong>ordines,</strong></span> <span class='ocrx_word' id='word_1_268' title='bbox 630 3925 686 3994; x_wconf 80' lang='lat' dir='ltr'><strong>ejus</strong></span> <span class='ocrx_word' id='word_1_269' title='bbox 713 3921 861 3999; x_wconf 60' lang='lat' dir='ltr'><strong>formandas,</strong></span> <span class='ocrx_word' id='word_1_270' title='bbox 903 3935 1048 3989; x_wconf 85' lang='lat' dir='ltr'><strong>terus,non</strong></span> <span class='ocrx_word' id='word_1_271' title='bbox 1060 3924 1164 3978; x_wconf 79' lang='lat' dir='ltr'><strong>liaberet.</strong></span> <span class='ocrx_word' id='word_1_272' title='bbox 1172 3925 1208 3976; x_wconf 79' lang='lat' dir='ltr'><strong>At</strong></span> <span class='ocrx_word' id='word_1_273' title='bbox 1222 3918 1411 3977; x_wconf 79' lang='lat' dir='ltr'><strong>dicendumio·</strong></span> 
     </span>
     <span class='ocr_line' id='line_1_35' title="bbox 343 4001 1409 4075; baseline -0.004 -18"><span class='ocrx_word' id='word_1_274' title='bbox 343 4004 860 4075; x_wconf 79' lang='lat' dir='ltr'><strong>eeuaa,promovebantnr.Duplioemin·</strong></span> <span class='ocrx_word' id='word_1_275' title='bbox 902 4014 959 4068; x_wconf 84' lang='lat' dir='ltr'><strong>ret,</strong></span> <span class='ocrx_word' id='word_1_276' title='bbox 974 4017 1004 4055; x_wconf 88' lang='lat' dir='ltr'><strong>ut</strong></span> <span class='ocrx_word' id='word_1_277' title='bbox 1018 4004 1141 4057; x_wconf 84' lang='lat' dir='ltr'><strong>observat</strong></span> <span class='ocrx_word' id='word_1_278' title='bbox 1159 4003 1283 4058; x_wconf 90' lang='lat' dir='ltr'><strong>Oberlin.</strong></span> <span class='ocrx_word' id='word_1_279' title='bbox 1294 4001 1409 4053; x_wconf 61' lang='lat' dir='ltr'><strong>tabem</strong></span> 
     </span>
     <span class='ocr_line' id='line_1_36' title="bbox 346 4073 1410 4156; baseline -0.003 -22"><span class='ocrx_word' id='word_1_280' title='bbox 346 4081 381 4135; x_wconf 87' lang='lat' dir='ltr'><strong>de</strong></span> <span class='ocrx_word' id='word_1_281' title='bbox 404 4083 546 4136; x_wconf 83' lang='lat' dir='ltr'><strong>utilitatem</strong></span> <span class='ocrx_word' id='word_1_282' title='bbox 565 4084 724 4156; x_wconf 80' lang='lat' dir='ltr'><strong>capiebant:</strong></span> <span class='ocrx_word' id='word_1_283' title='bbox 745 4073 774 4136; x_wconf 85' lang='lat'><strong>1⁰</strong></span> <span class='ocrx_word' id='word_1_284' title='bbox 791 4085 859 4137; x_wconf 89' lang='lat' dir='ltr'><strong>bene</strong></span> <span class='ocrx_word' id='word_1_285' title='bbox 903 4082 1043 4137; x_wconf 85' lang='lat' dir='ltr'><strong>Sedambo</strong></span> <span class='ocrx_word' id='word_1_286' title='bbox 1054 4084 1099 4137; x_wconf 87' lang='lat' dir='ltr'><strong>hic</strong></span> <span class='ocrx_word' id='word_1_287' title='bbox 1109 4103 1198 4137; x_wconf 86' lang='lat' dir='ltr'><strong>errare</strong></span> <span class='ocrx_word' id='word_1_288' title='bbox 1206 4083 1272 4137; x_wconf 89' lang='lat' dir='ltr'><strong>mihi</strong></span> <span class='ocrx_word' id='word_1_289' title='bbox 1281 4080 1410 4137; x_wconf 82' lang='lat' dir='ltr'><strong>videntur.</strong></span> 
     </span>
     <span class='ocr_line' id='line_1_37' title="bbox 346 4153 1414 4235; baseline -0.001 -21"><span class='ocrx_word' id='word_1_290' title='bbox 346 4164 456 4216; x_wconf 82' lang='lat' dir='ltr'><strong>meritos</strong></span> <span class='ocrx_word' id='word_1_291' title='bbox 469 4164 725 4230; x_wconf 75' lang='lat' dir='ltr'><strong>rernunerabmtur3</strong></span> <span class='ocrx_word' id='word_1_292' title='bbox 743 4153 773 4217; x_wconf 74' lang='lat'><strong>2⁰</strong></span> <span class='ocrx_word' id='word_1_293' title='bbox 788 4164 859 4235; x_wconf 88' lang='lat' dir='ltr'><strong>opti·</strong></span> <span class='ocrx_word' id='word_1_294' title='bbox 945 4167 970 4219; x_wconf 87' lang='grc'><strong>3.</strong></span> <span class='ocrx_word' id='word_1_295' title='bbox 995 4163 1088 4217; x_wconf 77' lang='lat' dir='ltr'><strong>Adesse</strong></span> <span class='ocrx_word' id='word_1_296' title='bbox 1111 4164 1240 4218; x_wconf 69' lang='lat' dir='ltr'><strong>Caesarem.</strong></span> <span class='ocrx_word' id='word_1_297' title='bbox 1268 4162 1414 4215; x_wconf 72' lang='lat' dir='ltr'><strong>Romanu·</strong></span> 
     </span>
     <span class='ocr_line' id='line_1_38' title="bbox 347 4236 1411 4317; baseline -0.005 -22"><span class='ocrx_word' id='word_1_298' title='bbox 347 4261 404 4295; x_wconf 79' lang='lat' dir='ltr'><strong>mos</strong></span> <span class='ocrx_word' id='word_1_299' title='bbox 417 4243 531 4312; x_wconf 84' lang='lat' dir='ltr'><strong>milites,</strong></span> <span class='ocrx_word' id='word_1_300' title='bbox 545 4244 642 4316; x_wconf 86' lang='lat' dir='ltr'><strong>peritia</strong></span> <span class='ocrx_word' id='word_1_301' title='bbox 660 4247 770 4317; x_wconf 76' lang='lat' dir='ltr'><strong>jurante</strong></span> <span class='ocrx_word' id='word_1_302' title='bbox 790 4256 860 4300; x_wconf 84' lang='lat' dir='ltr'><strong>vete·</strong></span> <span class='ocrx_word' id='word_1_303' title='bbox 901 4244 956 4301; x_wconf 85' lang='lat' dir='ltr'><strong>buc</strong></span> <span class='ocrx_word' id='word_1_304' title='bbox 968 4244 1049 4301; x_wconf 85' lang='lat' dir='ltr'><strong>refert</strong></span> <span class='ocrx_word' id='word_1_305' title='bbox 1063 4244 1153 4300; x_wconf 86' lang='lat' dir='ltr'><strong>locum</strong></span> <span class='ocrx_word' id='word_1_306' title='bbox 1165 4262 1180 4298; x_wconf 87' lang='lat' dir='ltr'><strong>e</strong></span> <span class='ocrx_word' id='word_1_307' title='bbox 1193 4244 1300 4301; x_wconf 85' lang='lat' dir='ltr'><strong>Sueton.</strong></span> <span class='ocrx_word' id='word_1_308' title='bbox 1309 4240 1366 4295; x_wconf 83' lang='lat' dir='ltr'><strong>Jul.</strong></span> <span class='ocrx_word' id='word_1_309' title='bbox 1383 4236 1411 4291; x_wconf 68' lang='grc' dir='ltr'>Ω</span> 
     </span>
    </p>
   </div>
   <div class='ocr_carea' id='block_1_5' title="bbox 0 0 1505 5034">
    <p class='ocr_par' dir='ltr' id='par_1_7' title="bbox 0 0 1505 5034">
     <span class='ocr_line' id='line_1_39' title="bbox 0 0 1505 5034; baseline 0 0"><span class='ocrx_word' id='word_1_310' title='bbox 0 0 1505 5034; x_wconf 95' lang='lat' dir='ltr'><strong> </strong></span> 
     </span>
    </p>
   </div>
  </div>
 </body>
</html>
