3000 5034
300 447 388 542 262'
455 470 668 539 csnmt
693 466 927 536 usstass
955 466 1230 535 commum.

219 592 224 599 ⁴
296 617 370 685 tur,
388 600 499 676 Solem
508 585 532 688 ⁵,
547 614 582 669 et
593 598 784 670 Vulcanum
792 582 817 687 ⁶,
829 612 863 667 et
880 596 1051 667 Lunam⁷:
1066 595 1211 690 reliquos
1222 620 1264 664 ne
1278 594 1363 665 fama

297 708 665 803 qrddem,accepemnt
687 707 768 793 Vita
796 706 904 773 omnis
929 706 963 773 in
989 688 1243 773 venationibus⁸
1268 716 1365 796 atque

295 816 331 882 in
357 814 472 884 studiis
497 815 546 881 rei
570 810 743 881 militaris⁹
764 812 941 881 consistit:
964 810 1006 879 ab
1028 808 1173 906 parvulis
1193 807 1301 878 labori
1328 832 1365 877 ac

296 918 426 989 duritiae
435 920 578 991 student.
592 920 660 1009 Qui
673 919 855 987 diutissime
867 916 1056 1011 impuberes
1070 913 1366 1011 pennensentnt¹⁰‚

297 1028 474 1095 maximam
502 1009 589 1095 inter
610 1050 688 1095 suos
716 1024 829 1094 ferunt
853 1020 1006 1093 laudem:
1028 1025 1094 1094 hoc
1123 1022 1166 1092 ali
1185 1037 1367 1111 staturam,

297 1130 340 1205 aii
356 1132 422 1202 hoc
437 1134 546 1220 vires,
560 1156 748 1225 nervosque
761 1130 972 1218 confirmari,
987 1144 1114 1225 putant.
1130 1132 1225 1198 Intra
1242 1152 1367 1197 annum

296 1262 378 1307 vero
395 1240 589 1308 vicesimum
608 1238 738 1307 feurinae
756 1239 908 1307 notitiam
929 1236 1102 1325 habuisse,
1120 1238 1154 1304 in
1171 1236 1368 1331 turpissimis

296 1343 421 1413 habent
442 1345 559 1413 rebus:
584 1344 678 1437 cujus
705 1345 752 1412 rei
774 1342 866 1421 nulia
895 1358 945 1413 est
969 1342 1147 1413 occultatio
1161 1340 1198 1430 ¹¹,
1221 1340 1313 1436 quod
1338 1354 1370 1410 et

295 1452 485 1544 promiscue
519 1453 555 1519 in
585 1451 777 1521 flinninihus
806 1448 1008 1546 ‚perluuntur
1022 1448 1058 1538 ¹²,
1083 1464 1117 1518 et
1142 1447 1283 1543 pellibus
1313 1461 1369 1516 aut

295 1560 409 1650 parvis
438 1558 626 1627 rhenonum
647 1559 834 1653 tegimentis
843 1542 866 1583 ¹³
895 1572 1055 1645 utuntur,
1076 1579 1199 1651 magna
1220 1556 1370 1651 corporis

294 1677 390 1756 parte
407 1664 506 1733 nuda.

298 1836 407 1888 humanis
420 1824 511 1909 quoque
525 1839 609 1889 hostiis
624 1838 695 1889 litate
705 1839 750 1905 fas
770 1839 812 1890 ha·
856 1856 886 1891 ιν
903 1839 983 1909 :opis
999 1838 1044 1895 rtis
1057 1844 1105 1891 τῶν
1122 1832 1271 1908 ’ἀφροδισίων
1283 1842 1369 1907 χρῆσιν

297 1916 813 1978 bentflerculemetMartemconcessisaai·
856 1917 932 1979 οὕτως
944 1918 1047 1988 &prodat
1059 1919 1152 1989 χρὴτὸν
1163 1912 1256 1981 saida,
1262 1918 1295 1977 ὣς
1304 1910 1369 1987 μηδὲ

298 1995 399 2046 malibus
416 1995 529 2065 placant.
556 1997 620 2047 Pars
644 1997 774 2049 Succorum
790 2009 814 2049 et
857 1999 978 2058 ἐπιζητεῖν
993 1998 1040 2067 πρὸ
1062 2002 1112 2051 τῶν
1132 1998 1219 2050 εἴκοσιν
1243 1998 1306 2049 ἐτῶν
1326 1995 1369 2052 τὴν

297 2074 359 2126 Isidi
370 2072 498 2143 sacrificat.
513 2074 579 2128 vid.
591 2095 664 2147 supr.
679 2088 779 2129 notam.
856 2078 970 2133 τοιαύτην
983 2082 1078 2149 χρῆσιν.

340 2152 366 2206 5.
381 2154 469 2206 Solem.
486 2154 541 2219 Qui
561 2167 651 2227 aperte
672 2154 813 2222 defendit,
900 2175 945 2211 tt.
964 2156 1039 2227 Cujus
1052 2160 1087 2209 rei
1100 2155 1169 2207 nulla
1180 2166 1218 2207 est
1231 2155 1368 2207 occultatio.

296 2232 445 2303 presertim
469 2234 694 2305 septemtrionales
721 2248 812 2309 gentes
855 2234 878 2289 Ι.
886 2237 1114 2307 e.,incognitaest
1122 2234 1192 2306 apud
1200 2236 1369 2294 eosocculta·

297 2310 421 2365 adversus
435 2312 531 2366 hiemis
543 2315 717 2385 asperitatem.
856 2315 894 2367 tio
905 2315 1022 2386 partium
1029 2315 1225 2369 viriliumNon
1235 2315 1370 2367 occultant

338 2394 365 2444 6.
377 2393 407 2443 V
403 2392 522 2445 adanam,
531 2394 652 2466 Intellige
659 2395 747 2466 ignem
757 2408 810 2449 ter·
855 2413 962 2460 sexum;
975 2394 1036 2469 ideo
1058 2395 1133 2449 facile
1146 2392 1369 2467 dignoscunturii

296 2482 422 2537 restrem,
438 2470 485 2543 qui
500 2471 533 2525 ad
543 2474 692 2527 coctionem
700 2475 811 2527 elimen-
855 2474 1097 2545 quicommercium
1105 2472 1370 2549 aliquodhabuerunt

298 2561 388 2603 torum
400 2548 474 2606 etad
487 2551 631 2606 arcendum
646 2554 743 2625 frigus,
756 2556 812 2608 sole
855 2572 917 2607 cum
929 2554 1043 2615 seminis.

297 2629 421 2696 absente,
436 2633 550 2685 maxime
564 2634 725 2686 necessarius
740 2645 788 2686 est.
898 2652 942 2687 ιν.
962 2635 1117 2688 Perluarrtur.
1140 2632 1194 2686 Alii
1213 2633 1368 2704 prolatione.

340 2730 367 2780 7.
394 2712 495 2763 Lunam
523 2715 611 2784 Eque
638 2713 811 2765 necessariam
854 2713 1016 2766 Malernam
1028 2713 1137 2784 perluere
1149 2724 1189 2765 est
1206 2724 1295 2765 totum
1310 2731 1368 2766 cor·

297 2802 409 2859 propter
427 2790 518 2842 lumen
537 2809 587 2861 per
604 2792 695 2861 longas
709 2803 809 2845 noctes.
851 2812 903 2863 pus
915 2793 1022 2859 lavare,
1037 2792 1294 2864 etprolum,leriter
1307 2804 1365 2845 tau·

296 2865 403 2920 Horum
425 2881 513 2922 autem
526 2870 637 2923 nomina
656 2869 749 2923 celtica
767 2872 810 2923 vel
853 2884 912 2925 tum
927 2871 1091 2944 adspergere.
1105 2870 1176 2926 Vide
1191 2873 1323 2929 Burman.
1335 2869 1368 2926 ad

296 2948 445 3019 germanica
455 2950 542 3025 Caesar
552 2967 607 3001 non
618 2947 701 3002 dedit.
852 2952 926 3006 Petr.
942 2970 999 3024 cap.
1018 2970 1081 3006 rao.

339 3028 365 3079 8,
379 3027 441 3078 Vita
453 3030 528 3079 omnis
541 3031 567 3079 in
578 3029 751 3082 venationibus,
767 3029 810 3083 Sic
880 3034 923 3074 Nec
931 3049 973 3074 mee
983 3034 1090 3089 Tisiphone
1103 3035 1191 3074 sitientes
1199 3032 1274 3087 perluit
1285 3043 1348 3074 mur.

297 3123 405 3177 quoque
416 3103 451 3159 de
463 3106 495 3159 iis
511 3107 618 3160 Tacitum
630 3126 637 3161 ε
647 3096 738 3179 quoties
746 3109 810 3161 bella
853 3107 933 3164 ovid.
948 3111 966 3163 l.
973 3129 1011 3175 rr,
1019 3110 1128 3163 Metam.
1134 3128 1202 3163 vers.
1214 3126 1278 3179 172.
1287 3110 1367 3181 Apul.

297 3186 741 3252 moisemcnudtumoemtiostbus,
753 3189 810 3261 plrts
852 3189 871 3241 l.
883 3208 908 3254 1,
925 3202 1032 3243 metam.
1057 3189 1150 3243 Nostri
1171 3187 1368 3261 coddperltam·

293 3269 427 3335 petatium
443 3269 587 3336 transigat.
603 3268 642 3320 Μ.
653 3268 686 3321 G.
703 3269 748 3321 15.
853 3282 900 3321 tur.
916 3270 982 3323 Orta
996 3270 1109 3323 varietas
1119 3269 1239 3323 lectionis
1252 3288 1366 3323 exoom·

339 3364 365 3414 9.
382 3345 465 3417 Atque
480 3348 506 3397 in
524 3346 610 3399 studiis
629 3351 665 3399 rei
686 3348 806 3401 militaris.
851 3347 951 3421 peudio
962 3351 1057 3405 littera
1059 3368 1079 3420 p
1090 3348 1243 3402 indistincte
1250 3346 1281 3401 in‘
1285 3346 1364 3402 codd.

296 3422 340 3477 Sic
355 3422 388 3477 de
401 3424 452 3478 illis
472 3424 588 3503 Seneca:
606 3426 734 3481 Gemanis
749 3428 810 3501 quid
851 3430 954 3499 posito,
967 3448 1089 3501 proper,
1103 3429 1205 3500 velpro.
1278 3476 1281 3485 ,

295 3506 808 3578 estonimosiust’quidadincursumacrtitsr’
895 3510 937 3563 13.
958 3510 1046 3562 Parsis
1070 3510 1199 3561 rhenonum
1223 3509 1364 3577 tegimentis.

233 3594 243 3612 '
296 3584 355 3655 qaid
367 3603 486 3635 amorum
500 3586 630 3657 cupidius?
642 3598 687 3639 etc.
851 3586 894 3641 Sic
901 3587 935 3640 de
944 3589 976 3643 iis
984 3588 1068 3642 Tacit.
1081 3589 1120 3641 M.
1132 3588 1166 3641 G.
1180 3606 1230 3665 17:
1245 3589 1367 3658 Tegimen

339 3682 383 3716 to.
399 3664 451 3733 Qui
466 3664 597 3717 diutissime
614 3666 742 3737 impuberes
751 3686 807 3737 per·
851 3668 959 3725 amardus
974 3688 1071 3739 sagum,
1080 3666 1162 3739 fibula
1170 3707 1181 3731 ,
1196 3680 1241 3719 aut
1254 3671 1276 3721 si
1290 3668 1366 3731 desit,

295 3755 438 3797 manserunt.
449 3741 526 3796 Idem
538 3745 623 3798 Tacit.
639 3743 705 3798 ibid.
720 3764 744 3799 c.
761 3764 805 3801 ao.
850 3751 921 3818 spina
935 3760 1105 3802 consertum...
1117 3759 1207 3819 genart
1219 3758 1244 3798 et
1253 3748 1365 3814 finnus

295 3821 355 3875 Sera
370 3825 483 3891 juvenum
508 3824 599 3877 Venus.
617 3826 653 3877 Et
676 3826 807 3897 Pompou.
847 3828 1119 3897 pelles—Rhemum
1131 3828 1365 3897 tegimentisIuter·

293 3901 378 3968 Mela,
389 3903 465 3968 Lm,
474 3921 531 3975 cap.
546 3905 571 3958 3.
580 3906 731 3975 longissima
742 3908 810 3977 apud
850 3919 941 3980 pretor
948 3908 1051 3979 pellibus
1060 3908 1196 3961 rhemum.
1206 3907 1364 3971 Rhenones,

292 3986 444 4053 respueritis
457 3996 500 4036 est.
515 3982 595 4039 Hunc
606 3997 695 4038 antem
703 4005 806 4039 morem
850 3987 1071 4059 animalisgenus‚
1085 3987 1196 4041 testibus
1201 3986 1326 4043 Aimoino
1337 3996 1366 4037 et

291 4060 487 4116 Germanorum
497 4064 807 4119 sconsuetudinemulie-
848 4066 960 4140 interpr.
975 4087 1078 4139 graeco,
1093 4067 1140 4140 qui
1154 4067 1192 4121 sic
1207 4066 1302 4120 habet:
1317 4062 1361 4117 »ai

291 4158 354 4194 rum
369 4142 476 4196 arcendi
481 4146 591 4217 juvenes
604 4158 664 4199 ante
675 4166 735 4201 auu.
753 4167 806 4213 xx,
848 4151 944 4219 μικραῖς
957 4145 1072 4220 dipem,
1085 4148 1101 4207 ἢ
1113 4136 1194 4206 i‘stsss
1207 4145 1361 4216 καλουμένων

291 4222 387 4292 probat
406 4222 489 4279 Ocell.
509 4226 610 4289 Lucan.
630 4229 670 4281 De
684 4226 765 4281 Univ.
780 4247 803 4281 c.
847 4227 914 4289 (sisse
944 4222 1064 4299 δέρμασιν
1092 4223 1226 4283 ἐνδύονται·
1250 4224 1364 4281 Minime
