3000 5034
511 438 880 524 DISSERTATIO.
957 446 959 449 ’
1156 444 1227 528 dot

181 596 319 668 Librum
340 598 450 665 Hirtii
467 594 511 665 de
532 595 621 666 bello
636 585 812 689 Africano
830 598 945 667 multis
954 612 1043 695 post
1057 600 1208 669 Hirtium

288 704 412 772 recudi
431 705 651 799 titterpolovit
667 705 777 773 Jult‘tts
783 706 949 797 fhrtasse
968 706 1093 775 Celsus
1141 718 1144 723 “

210 890 255 956 Et
274 901 405 974 tamen,
426 900 547 981 praeter
569 888 732 975 Hirtium,
747 886 849 958 alium
866 886 982 957 saltem
1004 887 1108 957 fuisse
1123 904 1237 962 censet

159 1009 290 1082 noster,
304 994 362 1088 qui
373 994 513 1063 caesaris
526 993 651 1089 scripto
663 993 707 1062 ad
721 993 871 1087 ejusdem
885 994 1009 1065 caedem
1023 995 1235 1091 suppleverit

158 1103 209 1170 Ita
226 1115 317 1169 certe
334 1095 495 1193 loquitur,
510 1101 605 1195 quasi
623 1098 740 1169 saltem
760 1102 819 1170 uni
836 1099 948 1196 plures
966 1102 1032 1173 hoc
1055 1102 1143 1173 idem
1162 1104 1237 1175 offi-

158 1209 246 1277 cium
269 1208 490 1301 prostiterint.
509 1209 668 1297 Quonam
686 1206 817 1277 veroid
833 1222 934 1303 pacto
952 1232 1071 1278 verum
1089 1234 1160 1281 esse
1178 1208 1247 1307 po?

157 1315 238 1401 tuit,
251 1314 412 1408 siquidem
426 1313 469 1382 ad
482 1314 590 1408 ipsam
605 1301 745 1384 Cesaris
763 1312 887 1383 caedem
904 1338 957 1385 res
975 1330 1083 1409 gestas
1099 1318 1240 1389 Castris

159 1420 351 1515 perduxerit
374 1406 525 1489 Hirtius?
544 1422 700 1513 Nempe,
722 1435 761 1490 ut
786 1422 930 1515 opinor,
955 1421 1046 1517 quod
1071 1424 1110 1491 A.
1141 1426 1242 1495 Hirtii

160 1525 321 1597 nonnulle
337 1526 515 1621 perierint,
532 1524 686 1621 suppleta
700 1551 721 1595 a
735 1531 755 1595 J
756 1524 824 1595 ulio
841 1526 961 1615 Cels03
978 1525 1242 1625 alienissimaque
1261 1568 1263 1572 ⁴

161 1635 203 1701 ab
220 1634 320 1701 Hirtii
334 1646 456 1701 mente.
466 1634 628 1701 sententia
644 1631 853 1727 interpolata.
874 1632 966 1703 Bello
978 1648 1070 1703 certe
1083 1636 1241 1707 Africano

158 1754 260 1834 atque
272 1741 454 1834 Hispanico
467 1737 573 1807 multa
585 1736 740 1833 legimus,
751 1744 827 1833 quat
839 1741 895 1807 vix
906 1742 983 1828 aevi,
992 1765 1059 1834 quo
1071 1742 1153 1811 vixit
1165 1745 1242 1813 Hir·

161 1848 323 1934 tius‚csse
331 1845 650 1941 potuerint‚nedum
661 1846 764 1939 ipsius
776 1847 883 1915 Hirtii.
892 1848 937 1915 Et
947 1860 1059 1917 tamen
1065 1848 1137 1917 vice
1146 1872 1244 1920 versu

162 1951 342 2039 nonnulla,
358 1976 431 2047 quae
446 1976 597 2021 coaevum
613 1949 735 2047 stylum
750 1954 900 2047 sapiant,
916 1976 986 2021 non
1001 1967 1113 2022 autem
1132 1953 1245 2045 illum,

162 2062 219 2155 qui
231 2085 251 2128 a
259 2059 392 2154 juniore
406 2058 507 2127 fiterit
523 2057 770 2152 interpolatore.
786 2059 838 2127 Ab
854 2058 954 2127 Hirtii
967 2060 1067 2129 etiam
1082 2060 1135 2130 vel
1148 2077 1245 2132 aetate

164 2168 198 2235 in
213 2164 300 2236 libro
317 2165 359 2234 de
378 2163 466 2233 bello
486 2164 646 2234 Africano
662 2165 822 2233 abhorret
837 2188 917 2234 usus
933 2166 1025 2256 vocis
1042 2171 1246 2263 imperator,

163 2298 230 2369 quo
248 2296 335 2367 saepe
351 2272 573 2365 disceptatum
593 2270 673 2339 dicit
686 2286 831 2360 auctor,
845 2272 919 2365 quis
940 2286 1027 2341 essct
1047 2298 1110 2367 pro
1130 2274 1247 2370 populi

164 2381 294 2451 romani
315 2380 522 2473 imperatore,
538 2375 789 2472 agnoscendus,
812 2378 925 2446 Caesar
942 2400 986 2448 an
1003 2380 1123 2472 Scipio.
1140 2382 1247 2470 Quasi

165 2489 322 2556 nimirum
336 2486 455 2554 unicus
466 2495 553 2554 esset
569 2482 685 2578 populi
696 2483 842 2571 romani,
855 2496 894 2551 ut
905 2498 1037 2578 postea,
1049 2486 1246 2579 imperator,

166 2596 221 2688 qui
243 2594 292 2661 tei
314 2616 452 2662 summae
473 2604 637 2687 praeesset
661 2592 737 2661 Hoc
759 2603 872 2659 autem
888 2589 1009 2660 sacculo
1031 2592 1088 2684 qui
1110 2592 1247 2686 singulis
1346 2620 1347 2623 ¹

166 2723 313 2771 romanie
340 2698 473 2768 ditionis
496 2697 676 2792 provinciis
702 2710 869 2793 preerant
895 2721 973 2766 cum
998 2698 1161 2791 imperio,
1187 2720 1248 2776 seu

167 2827 243 2879 cum
255 2807 331 2900 jure
348 2804 468 2900 gladii,
483 2806 505 2874 ii
521 2806 740 2900 imperatores
754 2803 973 2873 habebantur.
989 2804 1055 2874 Vix
1068 2818 1181 2873 tomen
1201 2808 1248 2881 ita

166 2912 439 3010 appellabantur,
452 2913 517 2981 nisi
532 2911 576 2980 ob
598 2936 652 2980 res
666 2926 779 3006 -gestas
800 2913 1017 3006 imperatores
1036 2911 1079 2979 ab
1100 2915 1249 2983 exercitu

167 3022 306 3094 iit-issent
318 3018 500 3089 acclamati.
511 3020 566 3087 Sic
576 3032 687 3086 autem
699 3020 866 3087 Gaesarem
878 3019 1115 3113 imperatorem
1123 3042 1166 3089 ne
1176 3022 1248 3115 qui·

167 3129 244 3197 dem
259 3141 417 3222 poterant
429 3150 552 3219 negare
560 3125 770 3219 Pompeiani,
782 3126 836 3193 cui
845 3123 1160 3193 dictatoresuerate
1175 3149 1249 3195 sen-

168 3237 271 3305 tentia
288 3237 429 3303 Senatus
450 3229 633 3327 populique
655 3232 785 3297 romani
806 3227 932 3318 delata3
947 3233 1070 3326 quippe
1092 3232 1251 3301 ctiamab

169 3342 316 3412 exercitu
337 3340 519 3434 imperator
539 3337 656 3407 fuisset
672 3334 866 3431 appellatus.
885 3336 951 3405 Sed
967 3360 1030 3406 nec
1045 3336 1126 3405 illud
1147 3341 1253 3415 cotcvi

170 3449 270 3518 fuisse
288 3447 443 3535 videtur,
458 3443 549 3540 quod
567 3468 681 3512 mense
697 3454 765 3537 quo
780 3445 893 3517 Caesar
908 3444 942 3510 in
956 3442 1104 3513 Africam
1122 3442 1252 3540 appulit

170 3556 353 3642 Ianuario,
372 3553 487 3622 scribit
506 3566 625 3621 auctor
646 3574 707 3644 per
724 3550 803 3618 anni
821 3563 954 3643 tempus
975 3549 1010 3617 in
1027 3550 1112 3619 mari
1131 3550 1254 3621 classes

171 3664 241 3731 sine
252 3658 402 3757 periculo
413 3662 528 3755 vagari
541 3683 611 3727 non
623 3657 779 3753 potuisse.
795 3656 953 3725 Octobris
963 3655 1052 3726 enim
1063 3652 1186 3735 Iuliani
1200 3656 1254 3726 dio

171 3770 260 3837 XIII
281 3769 383 3863 coepit
402 3768 482 3837 anni
501 3765 706 3835 contusionis
728 3764 805 3859 708
820 3760 1088 3851 illetanuarius,
1110 3765 1253 3857 exiitque

173 3889 251 3943 ante
268 3877 356 3946 Noc.
372 3877 423 3943 XI
436 3927 446 3962 ,
458 3898 527 3967 quo
540 3873 628 3942 haedi
641 3870 856 3960 oriebantur,
875 3895 941 3966 quo
956 3884 1032 3941 ortu
1049 3872 1150 3965 coepit
1163 3872 1253 3966 Epo·

174 3981 239 4049 oha
262 3983 364 4051 maris
390 3979 501 4049 clausi.
528 3979 631 4068 Quod
653 4002 763 4074 :porro
785 3979 1092 4048 eit'ceuturionom
1113 3974 1257 4050 Caesaris

157 4089 327 4157 „xxxvl
350 4089 446 4158 annis
468 4110 531 4184 pro
546 4087 691 4161 Caesaris
712 4085 873 4180 dignitate
900 4086 1106 4179 uictoriaque
1129 4085 1255 4180 depug-

235 4221 265 4287 Ι.
434 4308 437 4316 1
724 4269 727 4276 ,
1018 4215 1067 4288 26
