3000 5034
135 474 1201 504 mmmmmvuwwmmmmmwd

137 649 218 806 C.
278 653 326 804 J
344 651 608 806 ULII
657 647 1210 805 CAESARIS

428 943 488 1010 DE
517 944 673 1000 BELLO
702 943 915 1000 GALLICO

324 1110 1031 1238 corruentium*

532 1360 824 1390 -σομ-

324 1567 326 1572 ·
396 1554 614 1642 tinnit
657 1552 949 1683 PRIMUS,

139 1737 330 1861 Gutus
348 1803 399 1857 est
416 1786 543 1857 omnis¹
559 1787 665 1856 divisa
678 1789 712 1856 in
728 1802 840 1882 partes
858 1803 943 1875 tres,
956 1812 1099 1883 quarum
1113 1815 1215 1861 unam

136 1897 283 1968 incolunt
302 1895 429 1990 Belgae,
444 1893 542 1964 aliam
557 1893 732 1988 Aquitani,
745 1896 894 1983 tertiam,
908 1898 965 1990 qui
984 1898 1134 1992 ipsorum
1152 1897 1214 1967 lin·

180 2091 194 2117 *
217 2101 303 2151 Antea
321 2095 454 2168 quomod
473 2096 652 2168 interpretari·
698 2107 787 2148 tarum
807 2096 956 2149 consulitur
969 2092 1138 2162 (Me'moim).
1163 2100 1216 2151 Po·

137 2177 184 2232 dos
205 2179 284 2230 Jnnu
305 2177 425 2230 cisum
440 2173 666 2229 commentarios*
697 2176 779 2228 tuisse
798 2176 848 2229 hos
872 2176 1060 2229 Commentarios
1078 2177 1132 2231 dici
1157 2181 1216 2249 ἔφη·

137 2256 303 2322 accedamus,
318 2257 366 2327 qui
379 2256 432 2310 sint
450 2256 652 2322 commentarii,
698 2252 821 2326 umidae,
840 2268 867 2309 et
884 2275 976 2309 revera
998 2258 1108 2317 nomine
1129 2259 1182 2310 hoc
1200 2279 1216 2312 a

137 2339 245 2409 qriisque
259 2337 342 2389 fuerit
357 2335 428 2408 apud
442 2348 545 2388 veteres
559 2355 654 2388 eorum
697 2335 842 2388 Plutarcho
857 2330 908 2397 (in
924 2337 980 2390 vita
997 2337 1108 2391 Caesaris
1122 2357 1145 2391 c.
1163 2338 1215 2405 υ)

137 2437 212 2485 usus,
221 2435 335 2489 qunque
349 2418 449 2482 forma,
460 2416 550 2488 primo
563 2427 655 2468 tenen·
697 2415 839 2485 insignitos
863 2433 934 2481 esse,
956 2414 1138 2470 indubitatum
1156 2432 1215 2472 est:

138 2496 200 2550 dum
224 2497 286 2550 loco
309 2507 377 2563 est,¹
389 2510 416 2548 et
440 2494 652 2568 intelligendum.
698 2506 790 2547 utrum
803 2513 868 2548 vero
885 2495 973 2548 Caesar
986 2497 1104 2562 nullam,
1119 2511 1217 2568 praeter

137 2577 175 2630 De
185 2577 218 2630 iis
232 2589 323 2630 antem
335 2576 372 2629 ita
384 2576 502 2630 breviter
513 2588 539 2630 et
549 2577 655 2646 elegan·
698 2576 918 2640 commentarios,
941 2576 1081 2628 historiam
1109 2596 1217 2630 suorum

136 2669 175 2710 ter
195 2656 320 2710 disseruit
338 2655 506 2709 doctissimus
531 2654 655 2727 idemque
697 2673 790 2706 rerum
803 2655 949 2726 scripserit,
965 2675 998 2706 an
1013 2668 1215 2711 etcommenta·

137 2735 330 2790 eruditissimus
343 2737 386 2790 vir
397 2736 509 2788 Oberlin
523 2739 654 2807 Argento·
697 2735 751 2787 rios
758 2736 849 2800 hos,et
855 2733 1136 2806 ephemerides,ahhis
1142 2757 1216 2790 com·

137 2817 261 2882 ratensis,
275 2818 304 2869 in
319 2835 366 2870 sua
382 2814 500 2870 editione
515 2817 654 2888 Lipsiana,
697 2816 834 2868 mentariis
855 2813 985 2881 diversas,
1003 2818 1216 2888 consignaverit,

137 2897 198 2950 anni
216 2897 298 2950 1805.
646 2894 650 2898 ’
698 2894 844 2948 dubitatur.
863 2897 1041 2949 Posteriorem
1058 2899 1216 2952 sententiam

142 2985 145 2992 ’
179 2975 654 3044 «consuecommentariosdicieas
698 2974 819 3028 defendit
835 2974 972 3043 Ruddus,
994 2976 1028 3030 ad
1047 2978 1124 3031 illum
1143 2980 1215 3032 Plut.

137 3057 316 3123 uenationes,
332 3075 404 3128 qun,
418 3057 538 3128 neglecto
554 3055 655 3109 adven·
697 3056 787 3108 iocum
804 3050 853 3127 (p.
874 3058 930 3110 858
952 3056 994 3110 ed.
1015 3057 1133 3123 licut),
1152 3059 1215 3130 quia

137 3137 200 3190 ticio
215 3137 303 3203 cultu,
317 3135 445 3190 derebus
460 3136 524 3214 ipsis
538 3137 654 3188 tenuiter
696 3137 794 3207 passim
814 3155 846 3188 ex
866 3137 1081 3208 ephemeridibus
1105 3139 1214 3192 Caesaris

136 3218 393 3288 exponunt,ut‚qui
403 3219 488 3289 majus
497 3229 523 3269 et
534 3217 653 3269 ornatius
696 3215 749 3269 loci
764 3237 778 3268 a
795 3217 929 3270 veteribus
946 3219 1105 3285 recitantur,
1119 3221 1167 3290 qui
1184 3221 1214 3272 in

137 3315 202 3368 opus
225 3297 341 3349 scribere
362 3297 445 3363 velit,
464 3297 560 3350 habeat
581 3295 653 3348 unde
697 3297 894 3350 commentariis
912 3300 980 3369 ejus,
1003 3297 1152 3351 hodienum
1168 3318 1212 3351 sn·

136 3389 214 3447 petat.
228 3371 302 3438 (Cic.
318 3375 352 3428 de
366 3389 434 3429 orat.
450 3377 493 3442 II,
509 3395 553 3430 ιι,
573 3388 600 3428 et
619 3375 653 3428 de
695 3377 863 3447 perentibus,
881 3395 937 3429 non
955 3390 1108 3431 occurrunt.
1131 3377 1213 3442 Quod

137 3457 198 3510 clar.
218 3469 286 3509 orat.
311 3454 370 3525 75.)
389 3457 483 3528 Itaqn'e
502 3456 605 3508 Hirtius
624 3457 652 3507 in
696 3469 882 3526 argumentum
904 3469 936 3507 ut
960 3469 999 3509 est
1023 3457 1211 3527 perspicuum,

136 3535 261 3607 epistola,
275 3536 346 3588 libro
357 3549 450 3589 octavo
463 3535 496 3589 de
510 3535 580 3589 bello
592 3535 653 3588 Gal·
696 3535 732 3587 ita
741 3535 819 3587 multi
827 3536 984 3588 sententiam
992 3535 1089 3588 Ruatdi
1097 3555 1211 3608 sequun-

36 3637 41 3651 ·
136 3616 186 3669 lico
208 3616 363 3688 promissa,
391 3616 512 3677 Caesaris,
546 3615 651 3687 inquit,
696 3625 747 3668 tur.
763 3615 973 3669 Fabriciusvero
986 3617 1015 3668 in
1029 3617 1098 3669 Bibl.
1114 3618 1209 3683 Latl,

138 3699 300 3746 commentarii
326 3695 386 3747 editi
407 3708 476 3759 suut,
503 3715 531 3748 ne
552 3700 652 3748 scientia
700 3714 745 3762 to,
758 3695 836 3762 n,his
850 3697 886 3749 ita
901 3697 1114 3761 occurrit,utin
1126 3699 1210 3750 Caesn·

139 3785 258 3826 tantarum
283 3795 361 3827 rerum
383 3776 535 3846 scriptoribus
555 3776 669 3830 deesset..
695 3776 731 3828 ris
749 3777 825 3828 libris
843 3775 961 3829 debello
982 3777 1084 3830 Gallico
1102 3779 1209 3832 lacunas

138 3855 170 3907 ef.
182 3855 238 3908 Cic.
249 3853 284 3907 ad
294 3856 355 3908 Div.
366 3855 402 3921 V,
421 3874 471 3921 υ,
487 3867 551 3908 extr.
565 3855 652 3909 Graeci
695 3874 749 3909 esse
765 3869 886 3910 statuat.»
1031 3845 1034 3853 ¹

138 3947 223 3988 autem
259 3933 414 4006 hujusmodi
449 3936 652 3990 commentarios
735 3936 978 3991 cn.1.1.Galt·a
995 3948 1031 3988 est
1045 3941 1129 3989 omni's.
1146 3937 1209 3990 Non

137 4014 326 4086 ὑπομνήματα,
352 4016 591 4086 ὑπομνηματισμοὺς
621 4027 651 4068 et
695 4017 968 4084 omnis-tamentnam
977 4013 1011 4069 de
1021 4017 1209 4087 Allobrogibus

139 4094 383 4165 ἀπομνημονεύματα
394 4093 519 4148 dixenrm
528 4091 569 4158 (ut
579 4096 651 4149 Stra-
694 4114 750 4148 non
758 4096 790 4148 fit
795 4096 906 4163 mentio,
913 4114 1000 4166 neque
1008 4094 1042 4149 de
1049 4096 1135 4150 Gallia
1144 4097 1210 4149 Nar·

139 4173 173 4224 ho
185 4174 232 4227 lib.
246 4193 285 4226 1v.
300 4193 328 4246 p.
340 4193 405 4246 177,
420 4178 431 4228 d
446 4179 545 4246 Καῖσαρ
559 4179 583 4230 ἐν
600 4179 649 4236 τοῖς
694 4175 820 4240 bunensi,
837 4195 895 4246 qua
910 4195 972 4248 pars
987 4188 1043 4228 erat
1062 4174 1209 4229 Provincias

137 4251 327 4325 ὑπομνήμασι),
342 4255 468 4325 quoniam
486 4255 538 4307 hoc
556 4274 651 4326 genere
695 4257 839 4320 Romanu,
855 4268 915 4308 ante
929 4257 1037 4308 Castris
1055 4255 1207 4309 adventum.

140 4331 263 4386 sanandi
276 4335 324 4387 uni
340 4335 475 4388 memorio
488 4353 578 4388 rerum
593 4353 650 4410 gesf
697 4335 761 4387 Vide
774 4336 873 4388 iudicem
887 4336 1019 4412 geograph.
1036 4335 1066 4388 de
1081 4337 1210 4389 Provincia

983 4466 1012 4511 1.
