3000 5034
255 504 343 575 nn
372 491 547 575 netto
574 504 822 576 estnroo.
851 506 946 575 ern.
974 506 1024 575 11.
1140 506 1203 600 89-

9 652 10 661 ’
118 635 195 732 ripis.
208 635 512 731 praeliabantur.At
521 652 593 707 turn
605 623 702 708 totis³
716 639 785 708 fere
798 664 818 707 a
833 639 943 709 frome
957 654 992 708 et
1004 638 1048 707 ab
1060 639 1192 707 sinistra

117 757 206 838 parte
227 743 363 815 nudatis
381 745 513 833 cestris,
525 768 629 839 quum
651 746 685 813 in
706 745 825 816 dextro
841 770 948 815 cornu
965 745 1052 841 legio
1065 742 1190 813 duode-

117 851 196 919 eirna
217 864 254 919 et
274 875 343 919 non
366 874 488 945 magno
507 852 550 920 ab
571 875 610 920 ea
629 852 803 921 intervallo
817 854 958 946 septima
975 853 1191 939 constitisset,

117 980 227 1026 omnes
253 958 371 1027 Nervii
401 957 642 1027 confertissimo
669 960 819 1053 agmine,
834 960 920 1029 duce
940 945 1191 1053 Boduognat0⁴,

24 1126 25 1131 ,
117 1064 167 1156 qui
197 1087 366 1132 summam
397 1063 527 1157 imperii
547 1064 700 1153 tenebat,
715 1065 757 1133 ad
778 1090 856 1135 eum
878 1064 989 1136 loeuru
1010 1065 1190 1135 contende·

117 1184 214 1238 runt:
235 1194 380 1263 quorum
401 1193 479 1265 pars
501 1185 617 1264 aperto
639 1169 742 1241 latere
764 1170 910 1267 legiones
928 1173 1190 1259 circumvenire,

117 1299 188 1369 pars
211 1300 383 1345 summurn
403 1290 591 1346 castrorum
613 1263 746 1347 locum⁵
764 1292 897 1373 petere,
910 1280 1020 1373 coepit

162 1384 295 1451 XXIV.
308 1380 437 1451 Eodem
459 1398 611 1477 tempore
633 1386 760 1478 equites
777 1387 898 1473 nostri,
913 1384 1060 1478 levisque
1081 1407 1189 1453 arma·

117 1502 195 1557 turae
216 1487 344 1583 pedites
354 1487 376 1577 ¹,
391 1490 447 1583 qui
469 1515 546 1559 cum
568 1491 606 1559 iis
628 1514 694 1559 una
716 1491 866 1579 fuerant,
884 1516 968 1585 quos
989 1492 1097 1584 primo
1116 1490 1190 1559 hos·

117 1595 194 1663 tium
216 1596 345 1690 impetu
366 1594 480 1689 pulsos
501 1594 680 1685 dixeram²,
696 1621 800 1691 quum
821 1622 857 1667 se
878 1599 913 1665 in
933 1612 1043 1667 castra
1065 1597 1189 1690 recipe·

117 1716 202 1789 rent,
217 1701 367 1772 adversis
393 1703 544 1772 hostibus
565 1689 813 1797 ¹occurrebant³
831 1728 871 1774 ao
897 1728 1014 1773 rursus
1035 1700 1141 1771 alium·
1154 1703 1189 1770 in

117 1822 243 1901 partem
269 1808 383 1904 fugam
410 1797 609 1904 petebanr⁴:
629 1823 663 1879 et
683 1795 848 1898 calones⁵,
863 1812 920 1904 qui
941 1810 984 1879 ab
1004 1800 1190 1899 deculpana

117 1930 208 2007 porta
222 1900 239 1971 ⁶-
259 1938 299 1985 ac
332 1940 465 1985 summo
491 1916 574 2011 jugo
604 1914 695 1987 collis
728 1932 861 1987 nostros
890 1918 1048 1987 victores·
1064 1915 1190 1985 flumen

152 2107 178 2160 3.
194 2106 237 2161 At
251 2117 301 2159 tum
315 2109 380 2161 totis.
396 2104 482 2161 codd.
503 2110 625 2170 attonitis,
715 2108 741 2162 3.
762 2107 880 2162 Adversis
900 2110 1006 2162 hostibus
1025 2107 1187 2161 occumbant.

117 2185 209 2259 obsque
222 2204 310 2240 sensu.
326 2185 396 2240 Edd.
410 2200 509 2241 recent.
521 2208 551 2239 ao
562 2191 626 2241 tous.
672 2186 787 2241 Obviam
799 2188 899 2242 fiebant
907 2189 1043 2255 hostibus,
1056 2187 1189 2260 eregione

115 2264 182 2319 lade·
202 2265 381 2339 Oudendorp.
401 2264 515 2340 becepit,
530 2280 559 2319 at
578 2280 627 2320 tum
671 2269 839 2323 venientibus
857 2288 905 2341 per
923 2282 1007 2322 cestra
1021 2287 1082 2340 quae
1100 2268 1188 2322 hostes

115 2348 181 2409 totis,·
192 2365 230 2401 so.
240 2366 273 2401 eo
282 2358 417 2419 ternpore,
426 2359 453 2401 et
465 2366 495 2399 ea
510 2366 555 2413 re,
565 2348 628 2419 quia
669 2349 724 2419 jam
738 2362 909 2421 occuparant.

114 2423 225 2497 legiones
239 2444 253 2479 a
266 2426 372 2480 sinistra
385 2440 412 2480 et
424 2446 439 2480 a
452 2428 540 2481 fronte
549 2429 628 2481 Atre·
713 2434 740 2491 4.
748 2428 834 2481 Aliam
843 2432 966 2500 inpetrem
969 2431 1059 2499 sugam
1065 2428 1186 2498 petebant.

114 2504 181 2559 hstes
197 2518 224 2560 et
231 2506 438 2560 Veromanduos
451 2507 554 2578 longius
567 2526 629 2579 pro·
671 2507 713 2559 Al.
730 2508 804 2559 aliam
815 2521 909 2579 partem
919 2510 986 2579 suge
1002 2508 1124 2579 petebant,

114 2587 305 2657 sequebantur,
328 2588 360 2641 iis
380 2588 409 2640 in
431 2588 552 2659 partibus
576 2607 627 2640 nu·
714 2586 739 2640 5.
756 2587 868 2641 Calones.
880 2590 966 2641 Erant
977 2588 1047 2641 servi
1057 2586 1186 2651 militum,

115 2662 170 2719 dats
185 2678 249 2721 sunt
268 2680 368 2732 cestra
383 2665 447 2721 inde
462 2668 567 2721 Nerviis
582 2687 627 2721 oc·
671 2664 717 2720 sed
730 2687 781 2721 usu
795 2668 942 2741 peritiaque
952 2668 1061 2721 militari
1074 2668 1129 2721 fere
1140 2665 1188 2719 do·

115 2747 180 2799 casio
192 2758 255 2799 nata
270 2759 327 2813 est,
337 2746 492 2801 etevidb.
503 2748 521 2799 l.
534 2749 628 2819 Turpio
671 2747 751 2800 minis
763 2748 890 2821 aequales3
905 2767 967 2801 nam
982 2760 1010 2801 et
1024 2747 1053 2800 in
1070 2764 1135 2819 pace
1150 2764 1188 2800 as·

114 2824 142 2876 de
154 2826 247 2891 Crr'ssd,
266 2839 285 2879 t.
302 2828 334 2892 1,
348 2846 376 2899 p.
395 2828 459 2883 158.
474 2827 560 2881 Grec.
577 2828 625 2881 int.
671 2824 746 2880 sidue
768 2828 898 2882 exercitiis
913 2848 1007 2882 eorum
1025 2828 1187 2892 intererant,

114 2922 217 2979 quoque
229 2910 253 2960 lv
267 2912 348 2979 sobi-q
361 2902 400 2961 tt.
411 2906 478 2963 cod.
488 2909 521 2962 R.
534 2908 626 2978 5764:
671 2918 697 2959 et
712 2908 741 2960 in
756 2909 828 2961 bello
843 2928 904 2963 curn
919 2910 953 2962 iis
973 2909 1145 2962 versabantur
1159 2917 1188 2959 et

114 2997 140 3035 at
151 2990 214 3041 totis.
230 2988 321 3041 lleete.
670 2988 905 3059 periclitabantur,
925 2989 1039 3061 quibus,
1062 3006 1134 3041 oum·
1144 3005 1187 3040 res

152 3073 177 3130 4.
203 3066 294 3120 Omnes
315 3066 400 3121 Nervii
401 3106 446 3122 .....
448 3068 508 3120 duce
526 3068 627 3123 Boduo-
670 3069 937 3138 peteret,auxiliares
951 3081 1046 3122 essent.
1062 3069 1135 3121 Gon.

114 3158 192 3213 prato.
210 3146 356 3219 Perperam
377 3148 535 3221 Anonymus
558 3146 627 3202 Celsi
712 3151 739 3201 6.
752 3150 895 3202 &amana
902 3161 987 3220 porta.
1002 3150 1067 3201 Erat
1082 3165 1097 3200 a
1112 3159 1186 3219 tergo

77 3284 79 3291 Ι
115 3224 629 3299 exscriptorBoduognatumduceml'aoit
670 3240 820 3283 castrorum
829 3228 917 3300 ampla
925 3225 1184 3301 npetu-Edd.

114 3304 371 3361 veromanduorum.
669 3309 1187 3381 recenttquidecrmtanaporeaasummo

153 3385 178 3439 ⁵.
191 3386 313 3441 Summum
330 3398 462 3440 meorum
475 3388 559 3444 heum.
579 3389 626 3441 [n-
665 3388 729 3458 jugo
735 3388 831 3450 collis..
839 3391 947 3450 transire,
953 3387 1187 3454 etc.Qusmleotio-

115 3463 625 3539 telligitoollem,udquemcastraerunt.
669 3464 1186 3521 nemduritersanemnletaritClsrkius

114 3542 176 3598 vid.
191 3566 213 3601 o.
234 3566 287 3617 19,
303 3548 382 3601 etsie
401 3566 478 3619 gree.
494 3549 627 3620 interpres
670 3546 753 3600 veluti
761 3547 969 3620 perplexiorem3
981 3560 1008 3600 et
1017 3544 1100 3599 dixit:
1114 3544 1187 3598 Calo-

115 3627 210 3697 swepit
222 3645 230 3680 τ
243 3629 304 3697 πρὸς
317 3628 352 3679 τὰ
361 3627 426 3699 ἄκρα
438 3629 551 3682 τείνουσι.
669 3644 718 3689 nes,
727 3628 1026 3700 quiasummojugocollis
1032 3636 1126 3678 nosnos
1134 3628 1187 3677 oio·

152 3705 214 3759 Csr.
230 3706 334 3760 XXIV.
358 3724 383 3760 1.
407 3709 477 3761 levis
496 3720 626 3761 ammuroe
670 3709 825 3779 tomflmen
834 3702 1187 3779 transisseoon'speaeerantde·

112 3784 232 3857 pedveg.
243 3786 262 3839 l.
274 3804 324 3852 ιιι,
335 3804 393 3858 cap.
410 3794 455 3852 14.
467 3789 536 3841 Levis
547 3808 627 3841 arma·
670 3806 782 3841 cumam
792 3801 872 3861 porta
880 3787 1012 3858 predandi
1023 3805 1096 3839 cerua
1108 3804 1187 3856 egres·

115 3874 169 3914 uon
181 3868 331 3918 construitur
342 3866 372 3919 de
385 3872 485 3920 scutatis
497 3869 626 3941 expeditis·
669 3871 771 3930 sc'„etc.
794 3868 857 3921 Non
872 3867 942 3920 male
959 3880 1046 3933 oerte;
1062 3878 1092 3919 at¹
1106 3865 1186 3918 lectio

114 3946 176 3995 simis
193 3956 218 3996 et
230 3949 366 4015 sagittariis
375 3948 527 4018 junioribus,
542 3949 572 4001 de
589 3950 626 4001 lu's
669 3945 1102 4011 nostraminimesollioitandaest,
1108 3944 1186 4017 quip·
1212 3956 1215 3962 '

114 4026 155 4095 με·
165 4029 410 4092 acriteroemtis,eel
418 4028 623 4101 martiobarbulr’s,
670 4046 705 4100 pe
716 4046 776 4099 que
785 4046 848 4081 oum
856 4025 935 4081 codd.
945 4040 972 4080 et
979 4027 1090 4099 interpr.
1099 4042 1186 4097 μω

115 4106 311 4175 quoeptwnbaeas
323 4111 461 4171 nomimnt,
474 4109 597 4163 dimicant
605 4132 626 4164 ..·
671 4107 827 4162 consentiat.
838 4108 866 4161 Is
879 4109 952 4161 enim
964 4107 1060 4160 habet:
1074 4107 1124 4159 ἀπὸ
1139 4108 1185 4165 τῆς

115 4182 192 4239 Nune
205 4184 276 4257 apud
291 4204 354 4252 nos,
370 4198 465 4259 troupes
479 4190 577 4259 Idplres.
671 4188 781 4259 μιγσὶλης
794 4190 882 4253 roilus,
895 4187 1064 4259 καὶτοῦόρως
1074 4188 1186 4257 κορυφῆς,

158 4281 182 4317 a.
197 4265 321 4321 Diseram.
331 4266 411 4342 supr.
423 4284 447 4323 o.
468 4287 512 4341 ¹9·
671 4286 696 4321 κ.
710 4288 735 4321 τ.
747 4276 772 4321 λ.
978 4314 981 4317 ,
