<?xml version="1.0" encoding="UTF-8"?>
<!DOCTYPE html PUBLIC "-//W3C//DTD XHTML 1.0 Transitional//EN"
    "http://www.w3.org/TR/xhtml1/DTD/xhtml1-transitional.dtd">
<html xmlns="http://www.w3.org/1999/xhtml" xml:lang="en" lang="en">
 <head>
  <title>
</title>
<meta http-equiv="Content-Type" content="text/html;charset=utf-8" />
  <meta name='ocr-system' content='tesseract 3.04.00' />
  <meta name='ocr-capabilities' content='ocr_page ocr_carea ocr_par ocr_line ocrx_word'/>
</head>
<body>
  <div class='ocr_page' id='page_1' title='image "./caiusjuliuscsar00caesgoog_0500.png"; bbox 0 0 3000 5034; ppageno 0'>
   <div class='ocr_carea' id='block_1_1' title="bbox 286 502 1233 602">
    <p class='ocr_par' dir='ltr' id='par_1_1' title="bbox 286 502 1233 602">
     <span class='ocr_line' id='line_1_1' title="bbox 286 502 1233 602; baseline 0 -26"><span class='ocrx_word' id='word_1_1' title='bbox 286 506 354 576; x_wconf 87' lang='lat' dir='ltr'>DE</span> <span class='ocrx_word' id='word_1_2' title='bbox 381 507 554 574; x_wconf 88' lang='lat' dir='ltr'>BELLO</span> <span class='ocrx_word' id='word_1_3' title='bbox 582 507 831 576; x_wconf 82' lang='lat' dir='ltr'>GALLICO.</span> <span class='ocrx_word' id='word_1_4' title='bbox 860 507 955 575; x_wconf 91' lang='lat' dir='ltr'>LIB.</span> <span class='ocrx_word' id='word_1_5' title='bbox 984 506 1100 576; x_wconf 88' lang='lat' dir='ltr'><strong>VIII.</strong></span> <span class='ocrx_word' id='word_1_6' title='bbox 1155 502 1233 602; x_wconf 71' lang='lat'>459</span> 
     </span>
    </p>
   </div>
   <div class='ocr_carea' id='block_1_2' title="bbox 41 623 1268 2333">
    <p class='ocr_par' dir='ltr' id='par_1_2' title="bbox 112 623 1234 947">
     <span class='ocr_line' id='line_1_2' title="bbox 143 623 1234 738; baseline 0.002 -30"><span class='ocrx_word' id='word_1_7' title='bbox 143 623 342 738; x_wconf 79' lang='lat' dir='ltr'>regionem⁶</span> <span class='ocrx_word' id='word_1_8' title='bbox 361 639 573 733; x_wconf 88' lang='lat' dir='ltr'>conjunctam</span> <span class='ocrx_word' id='word_1_9' title='bbox 591 662 720 708; x_wconf 89' lang='lat' dir='ltr'>oceano</span> <span class='ocrx_word' id='word_1_10' title='bbox 738 639 971 710; x_wconf 82' lang='lat' dir='ltr'>continerent:</span> <span class='ocrx_word' id='word_1_11' title='bbox 988 638 1072 710; x_wconf 84' lang='lat' dir='ltr'>duas</span> <span class='ocrx_word' id='word_1_12' title='bbox 1092 637 1234 734; x_wconf 80' lang='lat' dir='ltr'>reliquas</span> 
     </span>
     <span class='ocr_line' id='line_1_3' title="bbox 112 743 1232 840; baseline 0.001 -27"><span class='ocrx_word' id='word_1_13' title='bbox 112 822 114 839; x_wconf 79' lang='lat'>.</span> <span class='ocrx_word' id='word_1_14' title='bbox 143 746 183 814; x_wconf 91' lang='lat' dir='ltr'>in</span> <span class='ocrx_word' id='word_1_15' title='bbox 200 746 419 816; x_wconf 79' lang='lat' dir='ltr'>Lomovicum</span> <span class='ocrx_word' id='word_1_16' title='bbox 434 744 547 833; x_wconf 88' lang='lat' dir='ltr'>fines⁷,</span> <span class='ocrx_word' id='word_1_17' title='bbox 561 771 631 816; x_wconf 86' lang='lat' dir='ltr'>non</span> <span class='ocrx_word' id='word_1_18' title='bbox 649 743 747 840; x_wconf 84' lang='lat' dir='ltr'>longe</span> <span class='ocrx_word' id='word_1_19' title='bbox 763 746 807 814; x_wconf 90' lang='lat' dir='ltr'>ab</span> <span class='ocrx_word' id='word_1_20' title='bbox 821 746 1000 832; x_wconf 83' lang='lat' dir='ltr'>Arvernis,</span> <span class='ocrx_word' id='word_1_21' title='bbox 1014 771 1058 814; x_wconf 85' lang='lat' dir='ltr'>ne</span> <span class='ocrx_word' id='word_1_22' title='bbox 1072 771 1140 840; x_wconf 78' lang='lat' dir='ltr'>qua</span> <span class='ocrx_word' id='word_1_23' title='bbox 1154 770 1232 840; x_wconf 82' lang='lat' dir='ltr'>pars</span> 
     </span>
     <span class='ocr_line' id='line_1_4' title="bbox 144 839 1229 947; baseline 0.001 -27"><span class='ocrx_word' id='word_1_24' title='bbox 144 847 271 922; x_wconf 72' lang='lat' dir='ltr'>Gnlliae&#39;</span> <span class='ocrx_word' id='word_1_25' title='bbox 288 876 396 922; x_wconf 87' lang='lat' dir='ltr'>vacua</span> <span class='ocrx_word' id='word_1_26' title='bbox 416 851 460 920; x_wconf 86' lang='lat' dir='ltr'>ab</span> <span class='ocrx_word' id='word_1_27' title='bbox 480 854 627 922; x_wconf 87' lang='lat' dir='ltr'>exercitu</span> <span class='ocrx_word' id='word_1_28' title='bbox 646 867 741 922; x_wconf 85' lang='lat' dir='ltr'>esset.</span> <span class='ocrx_word' id='word_1_29' title='bbox 763 855 893 922; x_wconf 84' lang='lat' dir='ltr'>Paucos</span> <span class='ocrx_word' id='word_1_30' title='bbox 914 851 985 922; x_wconf 84' lang='lat' dir='ltr'>dies</span> <span class='ocrx_word' id='word_1_31' title='bbox 1006 839 1128 947; x_wconf 78' lang='lat' dir='ltr'>ipsein</span> <span class='ocrx_word' id='word_1_32' title='bbox 1148 855 1229 921; x_wconf 84' lang='lat' dir='ltr'>Pru·</span> 
     </span>
    </p>

    <p class='ocr_par' dir='ltr' id='par_1_3' title="bbox 41 944 1231 1696">
     <span class='ocr_line' id='line_1_5' title="bbox 83 944 1230 1055; baseline 0.002 -31"><span class='ocrx_word' id='word_1_33' title='bbox 83 949 85 959; x_wconf 77' lang='grc'><strong>’</strong></span> <span class='ocrx_word' id='word_1_34' title='bbox 142 959 259 1026; x_wconf 88' lang='lat' dir='ltr'>vincia</span> <span class='ocrx_word' id='word_1_35' title='bbox 278 973 449 1047; x_wconf 84' lang='lat' dir='ltr'>moratus,</span> <span class='ocrx_word' id='word_1_36' title='bbox 463 967 567 1053; x_wconf 88' lang='lat' dir='ltr'>quum</span> <span class='ocrx_word' id='word_1_37' title='bbox 587 955 738 1035; x_wconf 78' lang='lat' dir='ltr'>celeriter</span> <span class='ocrx_word' id='word_1_38' title='bbox 752 983 869 1030; x_wconf 86' lang='lat' dir='ltr'>ornnes</span> <span class='ocrx_word' id='word_1_39' title='bbox 893 944 1097 1028; x_wconf 63' lang='grc' dir='ltr'>οοιιιειιιιιε8</span> <span class='ocrx_word' id='word_1_40' title='bbox 1111 983 1230 1055; x_wconf 90' lang='lat' dir='ltr'>percu·</span> 
     </span>
     <span class='ocr_line' id='line_1_6' title="bbox 41 1058 1231 1161; baseline 0.002 -27"><span class='ocrx_word' id='word_1_41' title='bbox 41 1096 45 1098; x_wconf 95' lang='lat'>·</span> <span class='ocrx_word' id='word_1_42' title='bbox 143 1066 321 1152; x_wconf 78' lang='lat' dir='ltr'>currisset,</span> <span class='ocrx_word' id='word_1_43' title='bbox 337 1063 487 1161; x_wconf 86' lang='lat' dir='ltr'>publicas</span> <span class='ocrx_word' id='word_1_44' title='bbox 501 1058 990 1161; x_wconf 78' lang='lat' dir='ltr'>controversiascognovi&#39;ssct,</span> <span class='ocrx_word' id='word_1_45' title='bbox 1006 1064 1231 1136; x_wconf 86' lang='lat' dir='ltr'>benemeritis</span> 
     </span>
     <span class='ocr_line' id='line_1_7' title="bbox 143 1163 1229 1268; baseline -0.001 -27"><span class='ocrx_word' id='word_1_46' title='bbox 143 1173 287 1266; x_wconf 78' lang='lat' dir='ltr'>proemia</span> <span class='ocrx_word' id='word_1_47' title='bbox 307 1171 493 1260; x_wconf 82' lang='lat' dir='ltr'>tribuisset,</span> <span class='ocrx_word' id='word_1_48' title='bbox 506 1163 521 1262; x_wconf 84' lang='lat'><strong>(</strong></span> <span class='ocrx_word' id='word_1_49' title='bbox 536 1171 761 1268; x_wconf 83' lang='lat' dir='ltr'>cognoscendi</span> <span class='ocrx_word' id='word_1_50' title='bbox 778 1174 868 1244; x_wconf 80' lang='lat' dir='ltr'>mrim</span> <span class='ocrx_word' id='word_1_51' title='bbox 889 1174 1069 1241; x_wconf 85' lang='lat' dir='ltr'>maximam</span> <span class='ocrx_word' id='word_1_52' title='bbox 1088 1171 1229 1241; x_wconf 83' lang='lat' dir='ltr'>faculta-</span> 
     </span>
     <span class='ocr_line' id='line_1_8' title="bbox 143 1277 1228 1374; baseline -0.001 -26"><span class='ocrx_word' id='word_1_53' title='bbox 143 1291 253 1348; x_wconf 83' lang='lat' dir='ltr'>tatem</span> <span class='ocrx_word' id='word_1_54' title='bbox 272 1277 436 1366; x_wconf 87' lang='lat' dir='ltr'>habebat,</span> <span class='ocrx_word' id='word_1_55' title='bbox 448 1278 539 1374; x_wconf 84' lang='lat' dir='ltr'>qtmli</span> <span class='ocrx_word' id='word_1_56' title='bbox 557 1281 697 1374; x_wconf 84' lang='lat' dir='ltr'>quisque</span> <span class='ocrx_word' id='word_1_57' title='bbox 712 1279 825 1350; x_wconf 85' lang='lat' dir='ltr'>animo</span> <span class='ocrx_word' id='word_1_58' title='bbox 839 1281 875 1347; x_wconf 90' lang='lat' dir='ltr'>in</span> <span class='ocrx_word' id='word_1_59' title='bbox 888 1277 1130 1374; x_wconf 75' lang='lat' dir='ltr'>rempublicam</span> <span class='ocrx_word' id='word_1_60' title='bbox 1146 1277 1228 1348; x_wconf 79' lang='lat' dir='ltr'>liris·</span> 
     </span>
     <span class='ocr_line' id='line_1_9' title="bbox 143 1383 1228 1480; baseline 0 -26"><span class='ocrx_word' id='word_1_61' title='bbox 143 1399 199 1454; x_wconf 86' lang='lat' dir='ltr'>set</span> <span class='ocrx_word' id='word_1_62' title='bbox 218 1387 321 1454; x_wconf 84' lang='lat' dir='ltr'>totius</span> <span class='ocrx_word' id='word_1_63' title='bbox 346 1384 464 1457; x_wconf 80' lang='lat' dir='ltr'>Galliae</span> <span class='ocrx_word' id='word_1_64' title='bbox 482 1385 670 1457; x_wconf 87' lang='lat' dir='ltr'>defectione</span> <span class='ocrx_word' id='word_1_65' title='bbox 679 1384 704 1474; x_wconf 88' lang='lat'>⁹,</span> <span class='ocrx_word' id='word_1_66' title='bbox 723 1409 826 1480; x_wconf 82' lang='lat' dir='ltr'>quam</span> <span class='ocrx_word' id='word_1_67' title='bbox 848 1385 1050 1456; x_wconf 75' lang='lat' dir='ltr'>sustinuerat</span> <span class='ocrx_word' id='word_1_68' title='bbox 1069 1383 1228 1454; x_wconf 81' lang='lat' dir='ltr'>fidelitate</span> 
     </span>
     <span class='ocr_line' id='line_1_10' title="bbox 142 1485 1226 1586; baseline 0.002 -28"><span class='ocrx_word' id='word_1_69' title='bbox 142 1505 248 1586; x_wconf 88' lang='lat' dir='ltr'>atque</span> <span class='ocrx_word' id='word_1_70' title='bbox 270 1491 395 1562; x_wconf 82' lang='lat' dir='ltr'>auxiliis</span> <span class='ocrx_word' id='word_1_71' title='bbox 417 1494 602 1566; x_wconf 76' lang='lat' dir='ltr'>Provinciae</span> <span class='ocrx_word' id='word_1_72' title='bbox 615 1485 673 1582; x_wconf 79' lang='lat'>¹⁰,)</span> <span class='ocrx_word' id='word_1_73' title='bbox 689 1493 741 1583; x_wconf 86' lang='lat' dir='ltr'>his</span> <span class='ocrx_word' id='word_1_74' title='bbox 765 1492 866 1563; x_wconf 83' lang='lat' dir='ltr'>rebus</span> <span class='ocrx_word' id='word_1_75' title='bbox 887 1488 1097 1579; x_wconf 83' lang='lat' dir='ltr'>confectis¹¹,</span> <span class='ocrx_word' id='word_1_76' title='bbox 1115 1490 1159 1560; x_wconf 85' lang='lat' dir='ltr'>nd</span> <span class='ocrx_word' id='word_1_77' title='bbox 1180 1489 1226 1560; x_wconf 92' lang='lat' dir='ltr'>le·</span> 
     </span>
     <span class='ocr_line' id='line_1_11' title="bbox 143 1596 1228 1696; baseline 0 -30"><span class='ocrx_word' id='word_1_78' title='bbox 143 1599 262 1692; x_wconf 80' lang='lat' dir='ltr'>giones</span> <span class='ocrx_word' id='word_1_79' title='bbox 277 1599 312 1666; x_wconf 87' lang='lat' dir='ltr'>in</span> <span class='ocrx_word' id='word_1_80' title='bbox 326 1597 476 1694; x_wconf 72' lang='lat' dir='ltr'>Belgium</span> <span class='ocrx_word' id='word_1_81' title='bbox 491 1625 525 1670; x_wconf 88' lang='lat' dir='ltr'>se</span> <span class='ocrx_word' id='word_1_82' title='bbox 540 1601 673 1696; x_wconf 82' lang='lat' dir='ltr'>recipit,</span> <span class='ocrx_word' id='word_1_83' title='bbox 687 1598 908 1692; x_wconf 82' lang='lat' dir='ltr'>hibernatque</span> <span class='ocrx_word' id='word_1_84' title='bbox 919 1596 942 1622; x_wconf 84' lang='lat'>¹²</span> <span class='ocrx_word' id='word_1_85' title='bbox 954 1600 1228 1670; x_wconf 67' lang='lat' dir='ltr'>Nemetocennae</span> 
     </span>
    </p>

    <p class='ocr_par' dir='ltr' id='par_1_4' title="bbox 142 1701 1268 2333">
     <span class='ocr_line' id='line_1_12' title="bbox 206 1701 1226 1803; baseline -0.001 -30"><span class='ocrx_word' id='word_1_86' title='bbox 206 1707 348 1776; x_wconf 85' lang='lat' dir='ltr'>XLVII.</span> <span class='ocrx_word' id='word_1_87' title='bbox 376 1706 428 1776; x_wconf 93' lang='lat' dir='ltr'>Ibi</span> <span class='ocrx_word' id='word_1_88' title='bbox 448 1708 646 1803; x_wconf 80' lang='lat' dir='ltr'>cognoscit,</span> <span class='ocrx_word' id='word_1_89' title='bbox 671 1707 863 1776; x_wconf 85' lang='lat' dir='ltr'>Commium</span> <span class='ocrx_word' id='word_1_90' title='bbox 892 1704 1086 1778; x_wconf 77' lang='lat' dir='ltr'>Atrebatem</span> <span class='ocrx_word' id='word_1_91' title='bbox 1111 1701 1226 1799; x_wconf 72' lang='lat' dir='ltr'>prelio</span> 
     </span>
     <span class='ocr_line' id='line_1_13' title="bbox 143 1811 1226 1907; baseline 0 -27"><span class='ocrx_word' id='word_1_92' title='bbox 143 1835 226 1882; x_wconf 89' lang='lat' dir='ltr'>cum</span> <span class='ocrx_word' id='word_1_93' title='bbox 246 1813 396 1906; x_wconf 81' lang='lat' dir='ltr'>equitatu</span> <span class='ocrx_word' id='word_1_94' title='bbox 414 1837 474 1898; x_wconf 74' lang='lat' dir='ltr'>suo</span> <span class='ocrx_word' id='word_1_95' title='bbox 489 1812 707 1884; x_wconf 77' lang='lat' dir='ltr'>contendisse.</span> <span class='ocrx_word' id='word_1_96' title='bbox 723 1811 813 1884; x_wconf 73' lang='lat' dir='ltr'>uam</span> <span class='ocrx_word' id='word_1_97' title='bbox 827 1836 932 1907; x_wconf 89' lang='lat' dir='ltr'>quum</span> <span class='ocrx_word' id='word_1_98' title='bbox 945 1812 1110 1880; x_wconf 82' lang='lat' dir='ltr'>Antonius</span> <span class='ocrx_word' id='word_1_99' title='bbox 1125 1811 1161 1880; x_wconf 89' lang='lat' dir='ltr'>in</span> <span class='ocrx_word' id='word_1_100' title='bbox 1175 1811 1226 1880; x_wconf 87' lang='lat' dir='ltr'>bi·</span> 
     </span>
     <span class='ocr_line' id='line_1_14' title="bbox 142 1913 1225 2018; baseline -0.003 -30"><span class='ocrx_word' id='word_1_101' title='bbox 142 1916 253 1988; x_wconf 84' lang='lat' dir='ltr'>berna</span> <span class='ocrx_word' id='word_1_102' title='bbox 271 1921 431 2018; x_wconf 83' lang='lat' dir='ltr'>venisset,</span> <span class='ocrx_word' id='word_1_103' title='bbox 450 1913 632 2016; x_wconf 85' lang='lat' dir='ltr'>civitasque</span> <span class='ocrx_word' id='word_1_104' title='bbox 653 1919 853 1992; x_wconf 82' lang='lat' dir='ltr'>Atrelratum</span> <span class='ocrx_word' id='word_1_105' title='bbox 872 1920 907 1986; x_wconf 91' lang='lat' dir='ltr'>in</span> <span class='ocrx_word' id='word_1_106' title='bbox 926 1917 1040 1988; x_wconf 83' lang='lat' dir='ltr'>officio</span> <span class='ocrx_word' id='word_1_107' title='bbox 1055 1930 1225 2004; x_wconf 82' lang='lat' dir='ltr'>marrcret3</span> 
     </span>
     <span class='ocr_line' id='line_1_15' title="bbox 144 2025 1226 2121; baseline -0.001 -28"><span class='ocrx_word' id='word_1_108' title='bbox 144 2025 338 2112; x_wconf 86' lang='lat' dir='ltr'>Commius,</span> <span class='ocrx_word' id='word_1_109' title='bbox 351 2028 408 2120; x_wconf 90' lang='lat' dir='ltr'>qui</span> <span class='ocrx_word' id='word_1_110' title='bbox 420 2026 597 2121; x_wconf 83' lang='lat' dir='ltr'>postillam</span> <span class='ocrx_word' id='word_1_111' title='bbox 610 2025 896 2107; x_wconf 85' lang='lat' dir='ltr'>vulnerationem,</span> <span class='ocrx_word' id='word_1_112' title='bbox 906 2049 1008 2120; x_wconf 88' lang='lat' dir='ltr'>quam</span> <span class='ocrx_word' id='word_1_113' title='bbox 1021 2047 1124 2119; x_wconf 89' lang='lat' dir='ltr'>supra</span> <span class='ocrx_word' id='word_1_114' title='bbox 1138 2048 1226 2092; x_wconf 90' lang='lat' dir='ltr'>oom-</span> 
     </span>
     <span class='ocr_line' id='line_1_16' title="bbox 143 2129 1226 2230; baseline -0.003 -29"><span class='ocrx_word' id='word_1_115' title='bbox 143 2134 331 2201; x_wconf 88' lang='lat' dir='ltr'>memoravi</span> <span class='ocrx_word' id='word_1_116' title='bbox 339 2129 361 2220; x_wconf 87' lang='lat'>¹,</span> <span class='ocrx_word' id='word_1_117' title='bbox 380 2157 511 2230; x_wconf 87' lang='lat' dir='ltr'>semper</span> <span class='ocrx_word' id='word_1_118' title='bbox 523 2134 575 2202; x_wconf 80' lang='lat' dir='ltr'>ad</span> <span class='ocrx_word' id='word_1_119' title='bbox 596 2157 712 2204; x_wconf 88' lang='lat' dir='ltr'>omnes</span> <span class='ocrx_word' id='word_1_120' title='bbox 728 2148 840 2203; x_wconf 72' lang='lat' dir='ltr'>moues</span> <span class='ocrx_word' id='word_1_121' title='bbox 860 2147 997 2228; x_wconf 75' lang='lat' dir='ltr'>paratim</span> <span class='ocrx_word' id='word_1_122' title='bbox 1013 2133 1082 2202; x_wconf 84' lang='lat' dir='ltr'>suis</span> <span class='ocrx_word' id='word_1_123' title='bbox 1098 2129 1226 2200; x_wconf 84' lang='lat' dir='ltr'>civibus</span> 
     </span>
     <span class='ocr_line' id='line_1_17' title="bbox 142 2238 1268 2333; baseline 0 -27"><span class='ocrx_word' id='word_1_124' title='bbox 142 2261 217 2308; x_wconf 84' lang='lat' dir='ltr'>esse</span> <span class='ocrx_word' id='word_1_125' title='bbox 232 2253 437 2328; x_wconf 86' lang='lat' dir='ltr'>consuesset,</span> <span class='ocrx_word' id='word_1_126' title='bbox 449 2263 492 2308; x_wconf 84' lang='lat' dir='ltr'>ne</span> <span class='ocrx_word' id='word_1_127' title='bbox 504 2239 641 2312; x_wconf 86' lang='lat' dir='ltr'>consilia</span> <span class='ocrx_word' id='word_1_128' title='bbox 651 2238 728 2308; x_wconf 88' lang='lat' dir='ltr'>belli</span> <span class='ocrx_word' id='word_1_129' title='bbox 744 2238 968 2333; x_wconf 60' lang='lat' dir='ltr'>merentibus</span> <span class='ocrx_word' id='word_1_130' title='bbox 982 2251 1101 2308; x_wconf 87' lang='lat' dir='ltr'>auctor</span> <span class='ocrx_word' id='word_1_131' title='bbox 1111 2261 1224 2306; x_wconf 82' lang='lat' dir='ltr'>armo·</span> <span class='ocrx_word' id='word_1_132' title='bbox 1265 2318 1268 2323; x_wconf 27' lang='grc' dir='ltr'>Ι</span> 
     </span>
    </p>
   </div>
   <div class='ocr_carea' id='block_1_3' title="bbox 142 2433 1228 2669">
    <p class='ocr_par' dir='ltr' id='par_1_5' title="bbox 142 2433 1228 2669">
     <span class='ocr_line' id='line_1_18' title="bbox 147 2433 1228 2512; baseline -0.006 -20"><span class='ocrx_word' id='word_1_133' title='bbox 147 2441 250 2492; x_wconf 85' lang='lat' dir='ltr'>Turoni.</span> <span class='ocrx_word' id='word_1_134' title='bbox 267 2440 345 2492; x_wconf 85' lang='lat' dir='ltr'>Ratio</span> <span class='ocrx_word' id='word_1_135' title='bbox 360 2441 529 2512; x_wconf 81' lang='lat' dir='ltr'>grammatica</span> <span class='ocrx_word' id='word_1_136' title='bbox 544 2441 661 2512; x_wconf 87' lang='lat' dir='ltr'>postula·</span> <span class='ocrx_word' id='word_1_137' title='bbox 751 2458 795 2492; x_wconf 91' lang='grc' dir='ltr'>ιι.</span> <span class='ocrx_word' id='word_1_138' title='bbox 805 2439 855 2491; x_wconf 79' lang='lat' dir='ltr'>His</span> <span class='ocrx_word' id='word_1_139' title='bbox 862 2437 931 2490; x_wconf 87' lang='lat' dir='ltr'>rebus</span> <span class='ocrx_word' id='word_1_140' title='bbox 938 2439 1059 2506; x_wconf 80' lang='lat' dir='ltr'>consectis,</span> <span class='ocrx_word' id='word_1_141' title='bbox 1069 2433 1155 2490; x_wconf 71' lang='grc' dir='ltr'>ιιε.’Ῑιι</span> <span class='ocrx_word' id='word_1_142' title='bbox 1170 2438 1228 2491; x_wconf 78' lang='lat' dir='ltr'>vul.</span> 
     </span>
     <span class='ocr_line' id='line_1_19' title="bbox 142 2516 1226 2592; baseline -0.003 -19"><span class='ocrx_word' id='word_1_143' title='bbox 142 2533 186 2573; x_wconf 82' lang='lat' dir='ltr'>ret</span> <span class='ocrx_word' id='word_1_144' title='bbox 208 2533 239 2574; x_wconf 88' lang='lat' dir='ltr'>ut</span> <span class='ocrx_word' id='word_1_145' title='bbox 260 2534 435 2592; x_wconf 80' lang='lat' dir='ltr'>reponeretur</span> <span class='ocrx_word' id='word_1_146' title='bbox 462 2525 486 2573; x_wconf 78' lang='lat' dir='ltr'>iu</span> <span class='ocrx_word' id='word_1_147' title='bbox 516 2521 660 2574; x_wconf 72' lang='lat' dir='ltr'>Turonum.</span> <span class='ocrx_word' id='word_1_148' title='bbox 705 2518 772 2590; x_wconf 77' lang='lat' dir='ltr'>gatis</span> <span class='ocrx_word' id='word_1_149' title='bbox 787 2516 1226 2571; x_wconf 77' lang='lat' dir='ltr'>editionibusanteDerisiumhsee</span> 
     </span>
     <span class='ocr_line' id='line_1_20' title="bbox 143 2597 1224 2669; baseline -0.006 -13"><span class='ocrx_word' id='word_1_150' title='bbox 143 2598 192 2656; x_wconf 80' lang='lat' dir='ltr'>sed</span> <span class='ocrx_word' id='word_1_151' title='bbox 200 2598 338 2653; x_wconf 84' lang='lat' dir='ltr'>interdum</span> <span class='ocrx_word' id='word_1_152' title='bbox 353 2601 466 2653; x_wconf 76' lang='lat' dir='ltr'>struitur</span> <span class='ocrx_word' id='word_1_153' title='bbox 480 2619 542 2654; x_wconf 87' lang='lat' dir='ltr'>cum</span> <span class='ocrx_word' id='word_1_154' title='bbox 556 2619 661 2654; x_wconf 80' lang='lat' dir='ltr'>accusa-</span> <span class='ocrx_word' id='word_1_155' title='bbox 705 2597 1224 2669; x_wconf 79' lang='lat' dir='ltr'>verbecapitisequentiattribuebrntur.</span> 
     </span>
    </p>
   </div>
   <div class='ocr_carea' id='block_1_4' title="bbox 28 2675 1224 2757">
    <p class='ocr_par' dir='ltr' id='par_1_6' title="bbox 28 2675 1224 2757">
     <span class='ocr_line' id='line_1_21' title="bbox 28 2675 1224 2757; baseline -0.003 -25"><span class='ocrx_word' id='word_1_156' title='bbox 28 2752 31 2757; x_wconf 88' lang='lat'>.</span> <span class='ocrx_word' id='word_1_157' title='bbox 105 2675 107 2680; x_wconf 70' lang='grc'><strong>’</strong></span> <span class='ocrx_word' id='word_1_158' title='bbox 142 2681 202 2734; x_wconf 82' lang='lat' dir='ltr'>tivo</span> <span class='ocrx_word' id='word_1_159' title='bbox 216 2681 330 2739; x_wconf 83' lang='lat' dir='ltr'>verbum</span> <span class='ocrx_word' id='word_1_160' title='bbox 338 2701 436 2751; x_wconf 83' lang='lat' dir='ltr'>ponere.</span> <span class='ocrx_word' id='word_1_161' title='bbox 456 2733 462 2744; x_wconf 63' lang='grc'>,</span> <span class='ocrx_word' id='word_1_162' title='bbox 705 2679 777 2732; x_wconf 84' lang='lat' dir='ltr'>Male</span> <span class='ocrx_word' id='word_1_163' title='bbox 788 2697 869 2734; x_wconf 80' lang='lat' dir='ltr'>:uam</span> <span class='ocrx_word' id='word_1_164' title='bbox 882 2678 1001 2749; x_wconf 76' lang='lat' dir='ltr'>alioquin</span> <span class='ocrx_word' id='word_1_165' title='bbox 1011 2696 1104 2732; x_wconf 76' lang='lat' dir='ltr'>umuca</span> <span class='ocrx_word' id='word_1_166' title='bbox 1115 2690 1142 2730; x_wconf 88' lang='lat' dir='ltr'>et</span> <span class='ocrx_word' id='word_1_167' title='bbox 1154 2677 1224 2730; x_wconf 85' lang='lat' dir='ltr'>hiul-</span> 
     </span>
    </p>
   </div>
   <div class='ocr_carea' id='block_1_5' title="bbox 187 2756 1226 2831">
    <p class='ocr_par' dir='ltr' id='par_1_7' title="bbox 187 2756 1226 2831">
     <span class='ocr_line' id='line_1_22' title="bbox 187 2756 1226 2831; baseline -0.006 -16"><span class='ocrx_word' id='word_1_168' title='bbox 187 2764 215 2815; x_wconf 87' lang='grc'>6.</span> <span class='ocrx_word' id='word_1_169' title='bbox 231 2761 296 2830; x_wconf 71' lang='lat' dir='ltr'>Quoe</span> <span class='ocrx_word' id='word_1_170' title='bbox 309 2779 399 2812; x_wconf 73' lang='lat' dir='ltr'>munuc</span> <span class='ocrx_word' id='word_1_171' title='bbox 412 2765 539 2831; x_wconf 71' lang='lat' dir='ltr'>regiorum</span> <span class='ocrx_word' id='word_1_172' title='bbox 552 2761 621 2827; x_wconf 83' lang='lat' dir='ltr'>Alii,</span> <span class='ocrx_word' id='word_1_173' title='bbox 636 2774 663 2814; x_wconf 90' lang='lat' dir='ltr'>et</span> <span class='ocrx_word' id='word_1_174' title='bbox 705 2777 735 2811; x_wconf 85' lang='lat' dir='ltr'>ca</span> <span class='ocrx_word' id='word_1_175' title='bbox 745 2758 981 2830; x_wconf 68' lang='lat' dir='ltr'>linamentisque</span> <span class='ocrx_word' id='word_1_176' title='bbox 989 2756 1124 2829; x_wconf 70' lang='lat' dir='ltr'>procedit.</span> <span class='ocrx_word' id='word_1_177' title='bbox 1132 2758 1226 2810; x_wconf 78' lang='lat' dir='ltr'>Iteau·</span> 
     </span>
    </p>
   </div>
   <div class='ocr_carea' id='block_1_6' title="bbox 29 2837 1226 2913">
    <p class='ocr_par' dir='ltr' id='par_1_8' title="bbox 29 2837 1226 2913">
     <span class='ocr_line' id='line_1_23' title="bbox 29 2837 1226 2913; baseline -0.003 -20"><span class='ocrx_word' id='word_1_178' title='bbox 29 2875 31 2879; x_wconf 32' lang='grc' dir='ltr'>ψ</span> <span class='ocrx_word' id='word_1_179' title='bbox 143 2853 237 2894; x_wconf 85' lang='lat' dir='ltr'>noster</span> <span class='ocrx_word' id='word_1_180' title='bbox 252 2841 285 2893; x_wconf 83' lang='lat' dir='ltr'>tt.</span> <span class='ocrx_word' id='word_1_181' title='bbox 299 2840 393 2912; x_wconf 78' lang='lat'>5763,</span> <span class='ocrx_word' id='word_1_182' title='bbox 405 2840 660 2913; x_wconf 69' lang='lat' dir='ltr'>premittuutillaru,</span> <span class='ocrx_word' id='word_1_183' title='bbox 682 2869 684 2874; x_wconf 96' lang='lat'>·</span> <span class='ocrx_word' id='word_1_184' title='bbox 705 2851 760 2892; x_wconf 82' lang='lat' dir='ltr'>tem</span> <span class='ocrx_word' id='word_1_185' title='bbox 772 2839 878 2911; x_wconf 75' lang='lat' dir='ltr'>phrasis</span> <span class='ocrx_word' id='word_1_186' title='bbox 888 2839 971 2893; x_wconf 77' lang='lat' dir='ltr'>totins</span> <span class='ocrx_word' id='word_1_187' title='bbox 984 2837 1052 2890; x_wconf 89' lang='lat' dir='ltr'>ordo</span> <span class='ocrx_word' id='word_1_188' title='bbox 1063 2837 1226 2890; x_wconf 85' lang='lat' dir='ltr'>constituen-</span> 
     </span>
    </p>
   </div>
   <div class='ocr_carea' id='block_1_7' title="bbox 93 2917 1226 4356">
    <p class='ocr_par' dir='ltr' id='par_1_9' title="bbox 93 2917 1226 4356">
     <span class='ocr_line' id='line_1_24' title="bbox 144 2917 1225 2992; baseline -0.003 -20"><span class='ocrx_word' id='word_1_189' title='bbox 144 2939 205 2992; x_wconf 77' lang='lat' dir='ltr'>quoe</span> <span class='ocrx_word' id='word_1_190' title='bbox 216 2939 269 2974; x_wconf 84' lang='lat' dir='ltr'>vox</span> <span class='ocrx_word' id='word_1_191' title='bbox 276 2939 331 2972; x_wconf 90' lang='lat' dir='ltr'>non</span> <span class='ocrx_word' id='word_1_192' title='bbox 340 2933 438 2974; x_wconf 89' lang='lat' dir='ltr'>temere</span> <span class='ocrx_word' id='word_1_193' title='bbox 445 2919 589 2991; x_wconf 76' lang='lat' dir='ltr'>reJiciende</span> <span class='ocrx_word' id='word_1_194' title='bbox 595 2933 661 2974; x_wconf 81' lang='lat' dir='ltr'>erat.</span> <span class='ocrx_word' id='word_1_195' title='bbox 705 2917 757 2974; x_wconf 87' lang='lat' dir='ltr'>dus</span> <span class='ocrx_word' id='word_1_196' title='bbox 772 2938 779 2972; x_wconf 91' lang='lat'><strong>:</strong></span> <span class='ocrx_word' id='word_1_197' title='bbox 796 2937 867 2991; x_wconf 80' lang='lat' dir='ltr'>quum</span> <span class='ocrx_word' id='word_1_198' title='bbox 882 2919 990 2972; x_wconf 80' lang='lat' dir='ltr'>celeriter</span> <span class='ocrx_word' id='word_1_199' title='bbox 1004 2937 1084 2970; x_wconf 79' lang='lat' dir='ltr'>omnes</span> <span class='ocrx_word' id='word_1_200' title='bbox 1096 2930 1225 2970; x_wconf 78' lang='lat' dir='ltr'>converitur</span> 
     </span>
     <span class='ocr_line' id='line_1_25' title="bbox 187 2990 1226 3072; baseline -0.005 -18"><span class='ocrx_word' id='word_1_201' title='bbox 187 3019 214 3069; x_wconf 87' lang='lat'>7.</span> <span class='ocrx_word' id='word_1_202' title='bbox 228 3001 259 3054; x_wconf 78' lang='lat' dir='ltr'>In</span> <span class='ocrx_word' id='word_1_203' title='bbox 271 3000 494 3072; x_wconf 72' lang='lat' dir='ltr'>Lemovicmufines,</span> <span class='ocrx_word' id='word_1_204' title='bbox 504 3000 659 3072; x_wconf 81' lang='lat' dir='ltr'>Benefines,</span> <span class='ocrx_word' id='word_1_205' title='bbox 700 2990 1226 3072; x_wconf 59' lang='lat' dir='ltr'>percucurrissetfflubliceeocntruoersiaeod·</span> 
     </span>
     <span class='ocr_line' id='line_1_26' title="bbox 143 3078 1225 3153; baseline -0.002 -20"><span class='ocrx_word' id='word_1_206' title='bbox 143 3099 201 3134; x_wconf 74' lang='lat' dir='ltr'>nou</span> <span class='ocrx_word' id='word_1_207' title='bbox 208 3078 316 3150; x_wconf 60' lang='lat' dir='ltr'>fluidum·</span> <span class='ocrx_word' id='word_1_208' title='bbox 331 3082 396 3153; x_wconf 81' lang='lat' dir='ltr'>quic</span> <span class='ocrx_word' id='word_1_209' title='bbox 414 3079 557 3134; x_wconf 78' lang='lat' dir='ltr'>abeodem</span> <span class='ocrx_word' id='word_1_210' title='bbox 579 3083 661 3134; x_wconf 77' lang='lat' dir='ltr'>verbo</span> <span class='ocrx_word' id='word_1_211' title='bbox 703 3085 838 3149; x_wconf 65' lang='lat' dir='ltr'>graveret,</span> <span class='ocrx_word' id='word_1_212' title='bbox 850 3081 907 3132; x_wconf 78' lang='lat' dir='ltr'>berre</span> <span class='ocrx_word' id='word_1_213' title='bbox 917 3083 1008 3132; x_wconf 81' lang='lat' dir='ltr'>meritis</span> <span class='ocrx_word' id='word_1_214' title='bbox 1013 3083 1117 3150; x_wconf 70' lang='lat' dir='ltr'>praemia</span> <span class='ocrx_word' id='word_1_215' title='bbox 1129 3079 1225 3131; x_wconf 68' lang='lat' dir='ltr'>tribuis·</span> 
     </span>
     <span class='ocr_line' id='line_1_27' title="bbox 140 3155 1226 3234; baseline -0.005 -20"><span class='ocrx_word' id='word_1_216' title='bbox 140 3159 663 3234; x_wconf 77' lang='lat' dir='ltr'>poruit,depeudet‚eqnogubernabatur</span> <span class='ocrx_word' id='word_1_217' title='bbox 705 3155 1226 3228; x_wconf 67' lang='lat' dir='ltr'>set,·(cognoscendienimmacirrramfacul·</span> 
     </span>
     <span class='ocr_line' id='line_1_28' title="bbox 93 3237 1225 3310; baseline -0.004 -16"><span class='ocrx_word' id='word_1_218' title='bbox 93 3272 97 3276; x_wconf 95' lang='lat'>·</span> <span class='ocrx_word' id='word_1_219' title='bbox 143 3259 198 3294; x_wconf 75' lang='lat' dir='ltr'>vox</span> <span class='ocrx_word' id='word_1_220' title='bbox 214 3244 239 3292; x_wconf 82' lang='lat' dir='ltr'>in</span> <span class='ocrx_word' id='word_1_221' title='bbox 256 3243 371 3296; x_wconf 77' lang='lat' dir='ltr'>Turones.</span> <span class='ocrx_word' id='word_1_222' title='bbox 707 3251 779 3292; x_wconf 77' lang='lat' dir='ltr'>tarem</span> <span class='ocrx_word' id='word_1_223' title='bbox 786 3237 1225 3310; x_wconf 70' lang='lat' dir='ltr'>habebut,idcst,erateopreditus</span> 
     </span>
     <span class='ocr_line' id='line_1_29' title="bbox 188 3318 1226 3390; baseline -0.005 -16"><span class='ocrx_word' id='word_1_224' title='bbox 188 3322 215 3374; x_wconf 82' lang='lat'>8.</span> <span class='ocrx_word' id='word_1_225' title='bbox 241 3320 385 3374; x_wconf 78' lang='lat' dir='ltr'>Conventus.</span> <span class='ocrx_word' id='word_1_226' title='bbox 406 3323 447 3374; x_wconf 87' lang='lat' dir='ltr'>De</span> <span class='ocrx_word' id='word_1_227' title='bbox 467 3321 661 3390; x_wconf 85' lang='lat' dir='ltr'>conventibus,</span> <span class='ocrx_word' id='word_1_228' title='bbox 706 3319 815 3390; x_wconf 79' lang='lat' dir='ltr'>ingenio</span> <span class='ocrx_word' id='word_1_229' title='bbox 829 3333 859 3372; x_wconf 85' lang='lat' dir='ltr'>ut</span> <span class='ocrx_word' id='word_1_230' title='bbox 868 3320 945 3372; x_wconf 73' lang='lat' dir='ltr'>facile</span> <span class='ocrx_word' id='word_1_231' title='bbox 960 3318 1144 3390; x_wconf 80' lang='lat' dir='ltr'>dignosceret,</span> <span class='ocrx_word' id='word_1_232' title='bbox 1158 3319 1226 3390; x_wconf 78' lang='lat' dir='ltr'>quali</span> 
     </span>
     <span class='ocr_line' id='line_1_30' title="bbox 145 3397 1223 3472; baseline -0.003 -20"><span class='ocrx_word' id='word_1_233' title='bbox 145 3397 262 3454; x_wconf 85' lang='lat' dir='ltr'>diximus</span> <span class='ocrx_word' id='word_1_234' title='bbox 275 3402 395 3472; x_wconf 84' lang='lat' dir='ltr'>supra,l.</span> <span class='ocrx_word' id='word_1_235' title='bbox 406 3420 434 3465; x_wconf 92' lang='lat'>1,</span> <span class='ocrx_word' id='word_1_236' title='bbox 447 3419 470 3454; x_wconf 90' lang='lat' dir='ltr'>c.</span> <span class='ocrx_word' id='word_1_237' title='bbox 488 3400 533 3462; x_wconf 70' lang='lat'>54.</span> <span class='ocrx_word' id='word_1_238' title='bbox 543 3431 584 3442; x_wconf 88' lang='lat'>—-</span> <span class='ocrx_word' id='word_1_239' title='bbox 594 3401 663 3453; x_wconf 77' lang='lat' dir='ltr'>Coa·</span> <span class='ocrx_word' id='word_1_240' title='bbox 706 3403 805 3471; x_wconf 67' lang='lat' dir='ltr'>pirisque</span> <span class='ocrx_word' id='word_1_241' title='bbox 817 3402 899 3455; x_wconf 73' lang='lat' dir='ltr'>ambro</span> <span class='ocrx_word' id='word_1_242' title='bbox 914 3402 940 3450; x_wconf 84' lang='lat' dir='ltr'>in</span> <span class='ocrx_word' id='word_1_243' title='bbox 953 3419 1025 3469; x_wconf 82' lang='lat' dir='ltr'>remp.</span> <span class='ocrx_word' id='word_1_244' title='bbox 1034 3401 1139 3466; x_wconf 80' lang='lat' dir='ltr'>fuisset,</span> <span class='ocrx_word' id='word_1_245' title='bbox 1149 3402 1223 3449; x_wconf 73' lang='lat' dir='ltr'>totius</span> 
     </span>
     <span class='ocr_line' id='line_1_31' title="bbox 147 3476 1224 3553; baseline -0.001 -21"><span class='ocrx_word' id='word_1_246' title='bbox 147 3493 228 3533; x_wconf 72' lang='lat' dir='ltr'>renuo</span> <span class='ocrx_word' id='word_1_247' title='bbox 239 3481 268 3533; x_wconf 89' lang='lat' dir='ltr'>h.</span> <span class='ocrx_word' id='word_1_248' title='bbox 279 3482 298 3534; x_wconf 88' lang='lat' dir='ltr'>I.</span> <span class='ocrx_word' id='word_1_249' title='bbox 312 3479 411 3553; x_wconf 84' lang='lat' dir='ltr'>oppida</span> <span class='ocrx_word' id='word_1_250' title='bbox 419 3483 446 3533; x_wconf 88' lang='lat' dir='ltr'>in</span> <span class='ocrx_word' id='word_1_251' title='bbox 456 3480 553 3552; x_wconf 84' lang='lat' dir='ltr'>quibus</span> <span class='ocrx_word' id='word_1_252' title='bbox 566 3499 663 3534; x_wconf 74' lang='lat' dir='ltr'>concen-</span> <span class='ocrx_word' id='word_1_253' title='bbox 709 3478 803 3532; x_wconf 68' lang='lat' dir='ltr'>Gallia</span> <span class='ocrx_word' id='word_1_254' title='bbox 808 3479 954 3546; x_wconf 67' lang='lat' dir='ltr'>desectione,</span> <span class='ocrx_word' id='word_1_255' title='bbox 965 3476 995 3531; x_wconf 86' lang='lat' dir='ltr'>id</span> <span class='ocrx_word' id='word_1_256' title='bbox 1003 3490 1058 3543; x_wconf 88' lang='lat' dir='ltr'>est,</span> <span class='ocrx_word' id='word_1_257' title='bbox 1067 3497 1153 3548; x_wconf 84' lang='lat' dir='ltr'>quum</span> <span class='ocrx_word' id='word_1_258' title='bbox 1168 3489 1224 3531; x_wconf 75' lang='lat' dir='ltr'>tote</span> 
     </span>
     <span class='ocr_line' id='line_1_32' title="bbox 147 3557 1225 3632; baseline -0.002 -21"><span class='ocrx_word' id='word_1_259' title='bbox 147 3571 185 3612; x_wconf 81' lang='lat' dir='ltr'>tur</span> <span class='ocrx_word' id='word_1_260' title='bbox 195 3559 366 3632; x_wconf 84' lang='lat' dir='ltr'>juridicendo</span> <span class='ocrx_word' id='word_1_261' title='bbox 376 3562 529 3632; x_wconf 76' lang='lat' dir='ltr'>agebantur.</span> <span class='ocrx_word' id='word_1_262' title='bbox 706 3559 793 3612; x_wconf 83' lang='lat' dir='ltr'>Gallia</span> <span class='ocrx_word' id='word_1_263' title='bbox 806 3557 948 3623; x_wconf 82' lang='lat' dir='ltr'>deficeret,</span> <span class='ocrx_word' id='word_1_264' title='bbox 961 3577 1032 3629; x_wconf 79' lang='lat' dir='ltr'>quum</span> <span class='ocrx_word' id='word_1_265' title='bbox 1047 3557 1225 3610; x_wconf 80' lang='lat' dir='ltr'>defectionem</span> 
     </span>
     <span class='ocr_line' id='line_1_33' title="bbox 188 3637 1225 3711; baseline -0.003 -19"><span class='ocrx_word' id='word_1_266' title='bbox 188 3659 214 3710; x_wconf 89' lang='lat'>9.</span> <span class='ocrx_word' id='word_1_267' title='bbox 233 3641 381 3708; x_wconf 79' lang='lat' dir='ltr'>Defectione.</span> <span class='ocrx_word' id='word_1_268' title='bbox 399 3641 457 3694; x_wconf 88' lang='lat' dir='ltr'>IIoc</span> <span class='ocrx_word' id='word_1_269' title='bbox 473 3641 533 3695; x_wconf 85' lang='lat' dir='ltr'>loeo</span> <span class='ocrx_word' id='word_1_270' title='bbox 551 3640 662 3711; x_wconf 87' lang='lat' dir='ltr'>ponitur</span> <span class='ocrx_word' id='word_1_271' title='bbox 705 3643 854 3691; x_wconf 59' lang='lat' dir='ltr'>emeruerat</span> <span class='ocrx_word' id='word_1_272' title='bbox 867 3637 990 3708; x_wconf 80' lang='lat' dir='ltr'>fidelitate</span> <span class='ocrx_word' id='word_1_273' title='bbox 1008 3651 1034 3689; x_wconf 81' lang='lat' dir='ltr'>er</span> <span class='ocrx_word' id='word_1_274' title='bbox 1049 3639 1148 3690; x_wconf 66' lang='lat' dir='ltr'>auxiliis</span> <span class='ocrx_word' id='word_1_275' title='bbox 1165 3657 1225 3708; x_wconf 84' lang='lat' dir='ltr'>pro-</span> 
     </span>
     <span class='ocr_line' id='line_1_34' title="bbox 145 3716 1225 3792; baseline -0.004 -19"><span class='ocrx_word' id='word_1_276' title='bbox 145 3721 221 3791; x_wconf 79' lang='lat' dir='ltr'>quasi</span> <span class='ocrx_word' id='word_1_277' title='bbox 239 3735 307 3774; x_wconf 82' lang='lat' dir='ltr'>esset</span> <span class='ocrx_word' id='word_1_278' title='bbox 326 3721 455 3776; x_wconf 72' lang='lat' dir='ltr'>ablativus</span> <span class='ocrx_word' id='word_1_279' title='bbox 473 3721 619 3792; x_wconf 86' lang='lat' dir='ltr'>temporis,</span> <span class='ocrx_word' id='word_1_280' title='bbox 632 3733 664 3774; x_wconf 86' lang='lat' dir='ltr'>ut</span> <span class='ocrx_word' id='word_1_281' title='bbox 707 3716 824 3782; x_wconf 58' lang='lat' dir='ltr'>vinciam)</span> <span class='ocrx_word' id='word_1_282' title='bbox 840 3719 877 3770; x_wconf 76' lang='lat' dir='ltr'>tis</span> <span class='ocrx_word' id='word_1_283' title='bbox 892 3718 961 3770; x_wconf 70' lang='lat' dir='ltr'>rebus</span> <span class='ocrx_word' id='word_1_284' title='bbox 982 3719 1112 3786; x_wconf 77' lang='lat' dir='ltr'>consectis,</span> <span class='ocrx_word' id='word_1_285' title='bbox 1141 3735 1225 3788; x_wconf 84' lang='lat' dir='ltr'>quum</span> 
     </span>
     <span class='ocr_line' id='line_1_35' title="bbox 146 3799 1223 3872; baseline -0.002 -20"><span class='ocrx_word' id='word_1_286' title='bbox 146 3799 223 3862; x_wconf 78' lang='lat' dir='ltr'>luciis,</span> <span class='ocrx_word' id='word_1_287' title='bbox 240 3801 396 3865; x_wconf 67' lang='lat' dir='ltr'>duernione,</span> <span class='ocrx_word' id='word_1_288' title='bbox 408 3814 452 3854; x_wconf 78' lang='lat' dir='ltr'>etc.</span> <span class='ocrx_word' id='word_1_289' title='bbox 462 3821 509 3872; x_wconf 79' lang='lat' dir='ltr'>per</span> <span class='ocrx_word' id='word_1_290' title='bbox 518 3813 608 3872; x_wconf 81' lang='lat' dir='ltr'>tempus</span> <span class='ocrx_word' id='word_1_291' title='bbox 622 3800 663 3852; x_wconf 83' lang='lat' dir='ltr'>de·</span> <span class='ocrx_word' id='word_1_292' title='bbox 705 3799 806 3852; x_wconf 80' lang='lat' dir='ltr'>haeres</span> <span class='ocrx_word' id='word_1_293' title='bbox 815 3799 986 3863; x_wconf 81' lang='lat' dir='ltr'>confecisset,</span> <span class='ocrx_word' id='word_1_294' title='bbox 998 3799 1034 3850; x_wconf 81' lang='lat' dir='ltr'>ad</span> <span class='ocrx_word' id='word_1_295' title='bbox 1041 3799 1158 3867; x_wconf 73' lang='lat' dir='ltr'>legiones,</span> <span class='ocrx_word' id='word_1_296' title='bbox 1175 3809 1223 3851; x_wconf 79' lang='lat' dir='ltr'>etc.</span> 
     </span>
     <span class='ocr_line' id='line_1_36' title="bbox 139 3878 1223 3952; baseline -0.003 -20"><span class='ocrx_word' id='word_1_297' title='bbox 139 3881 265 3948; x_wconf 80' lang='lat' dir='ltr'>sectionis,</span> <span class='ocrx_word' id='word_1_298' title='bbox 281 3881 324 3935; x_wconf 83' lang='lat' dir='ltr'>vel</span> <span class='ocrx_word' id='word_1_299' title='bbox 339 3884 365 3933; x_wconf 81' lang='lat' dir='ltr'>iu</span> <span class='ocrx_word' id='word_1_300' title='bbox 380 3895 481 3952; x_wconf 75' lang='lat' dir='ltr'>torpore</span> <span class='ocrx_word' id='word_1_301' title='bbox 494 3882 640 3950; x_wconf 73' lang='lat' dir='ltr'>defictionis.</span> <span class='ocrx_word' id='word_1_302' title='bbox 749 3899 793 3933; x_wconf 84' lang='lat' dir='ltr'>ra.</span> <span class='ocrx_word' id='word_1_303' title='bbox 809 3879 985 3949; x_wconf 62' lang='lat' dir='ltr'>Haemoque.</span> <span class='ocrx_word' id='word_1_304' title='bbox 1009 3881 1092 3931; x_wconf 79' lang='lat' dir='ltr'>Recte</span> <span class='ocrx_word' id='word_1_305' title='bbox 1110 3878 1139 3929; x_wconf 88' lang='lat' dir='ltr'>in</span> <span class='ocrx_word' id='word_1_306' title='bbox 1155 3889 1223 3930; x_wconf 88' lang='lat' dir='ltr'>tem·</span> 
     </span>
     <span class='ocr_line' id='line_1_37' title="bbox 189 3955 1222 4031; baseline -0.001 -19"><span class='ocrx_word' id='word_1_307' title='bbox 189 3962 382 4016; x_wconf 76' lang='lat' dir='ltr'>10.Provl&#39;ttel&#39;oe.</span> <span class='ocrx_word' id='word_1_308' title='bbox 390 3961 662 4016; x_wconf 79' lang='lat' dir='ltr'>NouquIIPrcrinct&#39;oe</span> <span class='ocrx_word' id='word_1_309' title='bbox 705 3955 1222 4031; x_wconf 71' lang='lat' dir='ltr'>porepresentiobverhumprteeedens.</span> 
     </span>
     <span class='ocr_line' id='line_1_38' title="bbox 145 4040 951 4112; baseline -0.002 -20"><span class='ocrx_word' id='word_1_310' title='bbox 145 4040 218 4093; x_wconf 67' lang='lat' dir='ltr'>illius)</span> <span class='ocrx_word' id='word_1_311' title='bbox 234 4043 315 4094; x_wconf 85' lang='lat' dir='ltr'>Recte</span> <span class='ocrx_word' id='word_1_312' title='bbox 336 4042 426 4095; x_wconf 79' lang='lat' dir='ltr'>Clark.</span> <span class='ocrx_word' id='word_1_313' title='bbox 446 4040 591 4095; x_wconf 84' lang='lat' dir='ltr'>delendum</span> <span class='ocrx_word' id='word_1_314' title='bbox 606 4060 662 4094; x_wconf 84' lang='lat' dir='ltr'>esse</span> <span class='ocrx_word' id='word_1_315' title='bbox 705 4040 747 4094; x_wconf 80' lang='lat' dir='ltr'>Al.</span> <span class='ocrx_word' id='word_1_316' title='bbox 764 4041 951 4112; x_wconf 77' lang='lat' dir='ltr'>bibermoitqroe.</span> 
     </span>
     <span class='ocr_line' id='line_1_39' title="bbox 144 4118 1222 4195; baseline -0.003 -23"><span class='ocrx_word' id='word_1_317' title='bbox 144 4133 221 4190; x_wconf 80' lang='lat' dir='ltr'>putat</span> <span class='ocrx_word' id='word_1_318' title='bbox 237 4125 264 4174; x_wconf 81' lang='lat' dir='ltr'>rb</span> <span class='ocrx_word' id='word_1_319' title='bbox 279 4121 355 4184; x_wconf 81' lang='lat' dir='ltr'>illius,</span> <span class='ocrx_word' id='word_1_320' title='bbox 371 4123 433 4194; x_wconf 82' lang='lat' dir='ltr'>quia</span> <span class='ocrx_word' id='word_1_321' title='bbox 448 4141 551 4195; x_wconf 87' lang='lat' dir='ltr'>semper</span> <span class='ocrx_word' id='word_1_322' title='bbox 566 4121 602 4173; x_wconf 85' lang='lat' dir='ltr'>ita</span> <span class='ocrx_word' id='word_1_323' title='bbox 621 4121 661 4173; x_wconf 84' lang='lat' dir='ltr'>lo·</span> <span class='ocrx_word' id='word_1_324' title='bbox 745 4121 810 4173; x_wconf 78' lang='lat' dir='ltr'>Cae.</span> <span class='ocrx_word' id='word_1_325' title='bbox 820 4121 936 4174; x_wconf 85' lang='lat' dir='ltr'><strong>XLVII.</strong></span> <span class='ocrx_word' id='word_1_326' title='bbox 947 4136 972 4171; x_wconf 88' lang='lat'>1.</span> <span class='ocrx_word' id='word_1_327' title='bbox 981 4118 1063 4188; x_wconf 80' lang='lat' dir='ltr'>Quam</span> <span class='ocrx_word' id='word_1_328' title='bbox 1073 4137 1148 4189; x_wconf 68' lang='lat' dir='ltr'>supro</span> <span class='ocrx_word' id='word_1_329' title='bbox 1157 4137 1222 4170; x_wconf 81' lang='lat' dir='ltr'>rom·</span> 
     </span>
     <span class='ocr_line' id='line_1_40' title="bbox 145 4198 1220 4274; baseline -0.001 -21"><span class='ocrx_word' id='word_1_330' title='bbox 145 4201 237 4271; x_wconf 87' lang='lat' dir='ltr'>quitur</span> <span class='ocrx_word' id='word_1_331' title='bbox 267 4201 355 4254; x_wconf 84' lang='lat' dir='ltr'>Caesar</span> <span class='ocrx_word' id='word_1_332' title='bbox 367 4241 376 4267; x_wconf 92' lang='lat'>,</span> <span class='ocrx_word' id='word_1_333' title='bbox 390 4233 394 4247; x_wconf 88' lang='lat'>·</span> <span class='ocrx_word' id='word_1_334' title='bbox 407 4221 491 4273; x_wconf 72' lang='lat' dir='ltr'>uirum</span> <span class='ocrx_word' id='word_1_335' title='bbox 512 4205 661 4274; x_wconf 76' lang='lat' dir='ltr'>provinciam</span> <span class='ocrx_word' id='word_1_336' title='bbox 705 4204 839 4254; x_wconf 75' lang='lat' dir='ltr'>memoravi.</span> <span class='ocrx_word' id='word_1_337' title='bbox 856 4198 917 4254; x_wconf 82' lang='lat' dir='ltr'>Scil.</span> <span class='ocrx_word' id='word_1_338' title='bbox 941 4216 964 4251; x_wconf 89' lang='lat' dir='ltr'>c.</span> <span class='ocrx_word' id='word_1_339' title='bbox 981 4200 1028 4254; x_wconf 74' lang='lat'>²3.</span> <span class='ocrx_word' id='word_1_340' title='bbox 1044 4199 1099 4252; x_wconf 77' lang='lat' dir='ltr'>Alii</span> <span class='ocrx_word' id='word_1_341' title='bbox 1114 4199 1220 4270; x_wconf 75' lang='lat' dir='ltr'>legunt,¹</span> 
     </span>
     <span class='ocr_line' id='line_1_41' title="bbox 145 4281 948 4356; baseline -0.002 -22"><span class='ocrx_word' id='word_1_342' title='bbox 145 4289 202 4334; x_wconf 77' lang='grc' dir='ltr'>κατ’</span> <span class='ocrx_word' id='word_1_343' title='bbox 212 4281 295 4356; x_wconf 66' lang='grc' dir='ltr'>ἐξοχὴν</span> <span class='ocrx_word' id='word_1_344' title='bbox 312 4293 432 4335; x_wconf 85' lang='lat' dir='ltr'>memorat.</span> <span class='ocrx_word' id='word_1_345' title='bbox 707 4285 948 4334; x_wconf 77' lang='lat' dir='ltr'>commemoravimus.</span> 
     </span>
    </p>
   </div>
   <div class='ocr_carea' id='block_1_8' title="bbox 0 0 1504 5034">
    <p class='ocr_par' dir='ltr' id='par_1_10' title="bbox 0 0 1504 5034">
     <span class='ocr_line' id='line_1_42' title="bbox 0 0 1504 5034; baseline 0 0"><span class='ocrx_word' id='word_1_346' title='bbox 0 0 1504 5034; x_wconf 95' lang='lat' dir='ltr'> </span> 
     </span>
    </p>
   </div>
  </div>
 </body>
</html>
