3000 5034
322 492 393 559 DE
420 492 594 561 BELLO
622 492 860 561 GALLICO
887 493 1088 562 Lis-11.
1147 509 1148 514 ’
1177 496 1221 566 81

156 622 277 717 oppido
295 622 442 710 traditis,
454 623 488 691 in
510 622 710 692 deditionem
724 609 925 693 ¹Suessiones
939 628 1093 721 «accepit,
1108 632 1228 699 exerci-

156 744 290 824 tumque
309 730 345 797 in
366 728 560 798 Bellovacos
579 726 681 798 duxit.
705 731 773 818 Qui
791 755 906 824 quum·
917 756 952 800 se
973 756 1098 826 suaque
1115 736 1229 804 omnia

155 837 187 903 in
207 835 380 931 ‚oppidum
409 834 704 929 Bratuspantium²
730 834 966 925 contulissent,
989 852 1087 933 atque
1114 840 1157 908 ab
1186 866 1228 911 eo

156 942 277 1036 oppido
300 944 414 1011 Caesar
430 966 507 1011 cum
521 943 676 1011 exercitu
698 942 830 1012 circiter
843 943 945 1012 millia
959 968 1117 1038 passuum
1132 948 1228 1041 quin.

156 1070 216 1141 que
247 1048 397 1141 abesset,
416 1072 532 1117 omnes
564 1047 707 1142 majores
734 1063 816 1117 natu
831 1095 848 1137 ,-
862 1074 903 1118 ex
923 1051 1057 1146 oppido
1084 1056 1228 1146 egressi,

155 1178 271 1223 manus
289 1154 333 1222 ad
347 1156 514 1224 Caesarem
529 1154 664 1223 tendere
686 1168 720 1223 et
733 1180 818 1225 voce
835 1156 1229 1253 significarecoeperunt,

156 1284 233 1343 sese*
247 1262 282 1329 in
295 1300 298 1311 ·
311 1260 383 1353 ejus
414 1258 514 1329 fidem
541 1284 580 1330 ac
609 1275 809 1355 potestatem
835 1264 967 1351 venire,
983 1288 1091 1357 neque
1112 1280 1230 1334 contra

156 1365 316 1461 populum
347 1390 524 1437 romanum
554 1370 654 1436 armis
686 1368 897 1437 contendere.
926 1372 1012 1437 Item
1022 1410 1040 1457 ,·
1058 1396 1162 1464 quum
1187 1371 1231 1440 ad

156 1472 314 1569 oppidum
336 1475 544 1561 accessisset,
565 1487 740 1566 castraque
760 1474 806 1542 ihi
826 1489 984 1569 poneret,
999 1479 1094 1570 pueri
1113 1477 1230 1547 mulie·

155 1602 270 1674 resque
293 1604 334 1649 ex
352 1604 449 1649 muro
471 1580 575 1675 passis
596 1581 749 1649 manibus
771 1604 832 1649 suo
853 1605 947 1649 more
968 1604 1086 1676 pacem
1104 1583 1146 1653 ab
1161 1586 1230 1653 Ro-

156 1688 259 1757 manis
276 1688 454 1781 petierunt.
930 1774 933 1778 ,

204 1795 299 1865 XIV.
323 1795 390 1861 Pro
410 1794 461 1863 his
482 1794 667 1863 Divitiacus
689 1784 791 1882 (nam
813 1808 890 1889 post
910 1794 1228 1891 discessum-Belga·

155 1923 247 1987 rum,
261 1898 402 1968 dimissis
417 1901 603 1969 AEduorum
617 1901 739 1994 copiis,
759 1900 802 1970 ad
817 1925 895 1970 eum
909 1900 918 1924 ¹
933 1895 1137 1992 reverterat)
1151 1903 1230 1973 facit

154 2006 277 2075 verba:
299 2036 316 2070 «
335 2004 527 2076 Bellovacos
549 2008 640 2075 omni
661 2020 812 2101 ternpore
829 2007 864 2075 in
885 2006 951 2076 fide
970 2022 1068 2101 atque
1087 2010 1231 2079 amicitia
1305 2024 1309 2031 '

154 2112 296 2181 civitatis
318 2112 433 2184 AEduae
456 2113 555 2181 luisse
571 2138 578 2179 ε
594 2112 755 2207 impulsos
784 2138 805 2181 a
833 2114 901 2182 suis
928 2114 1154 2208 principibus,
1173 2118 1230 2209 qui

153 2217 316 2307 dicerent,
330 2218 470 2307 AEduos,
484 2243 504 2287 a
519 2222 650 2288 Caesare
668 2220 702 2286 in
722 2220 916 2288 servitutem
933 2218 1100 2307 redactos,
1114 2245 1230 2291 omnes

154 2325 364 2420 indignitates
376 2314 657 2419 contumeliasque
668 2324 828 2419 perferre,
836 2325 1051 2395 ctahAEduis
1060 2326 1230 2416 defecisse,

154 2446 186 2500 et
211 2431 340 2527 populo
366 2456 507 2501 romano
535 2430 659 2499 bellum
686 2430 860 2500 intulisse:
885 2434 943 2524 qui
972 2432 1072 2523 hujus
1102 2432 1230 2502 consilii
1262 2501 1264 2503 ,
1375 2486 1380 2495 .

153 2540 320 2633 principes
342 2538 502 2626 fuissent,
521 2538 611 2632 quod
631 2535 852 2631 intelligerent
876 2551 1035 2631 quantam
1066 2537 1231 2607 calamita·
1305 2553 1307 2556 ’

154 2658 220 2713 tem
239 2645 365 2713 civitati
385 2644 591 2731 intulissent,
609 2646 643 2711 in
663 2644 867 2713 Britanniam
898 2643 1093 2737 profugisse.
1113 2646 1230 2715 Petere

154 2776 220 2820 non
243 2749 352 2820 solum
362 2750 376 2798 ².
389 2750 601 2838 BellovaeoS,
617 2750 674 2820 sed
695 2752 795 2819 etiam
817 2750 945 2844 prohis
960 2749 1109 2849 AEdum,
1118 2766 1156 2819 ut
1170 2777 1231 2821 sua

155 2857 329 2928 clementia
347 2882 388 2927 ac
408 2857 661 2927 mansuetudine
681 2857 715 2924 in
730 2882 787 2925 eos
798 2872 920 2926 utatur.
934 2856 1037 2945 Quod
1055 2858 1081 2925 si
1095 2858 1230 2945 fecerit,
1280 2857 1285 2860 ’

68 3022 70 3027 ,
156 2963 339 3033 AEduorum
362 2966 594 3034 auctoritatem
616 2964 706 3058 apud
727 2988 843 3032 omnes
872 2958 989 3058 Belgas
1011 2962 1230 3057 amplificatu-

157 3096 250 3141 rum:
268 3096 412 3166 quorum
435 3068 562 3139 auxiliis
588 3084 687 3164 atque
709 3070 890 3166 opibus,si
911 3094 978 3163 qua
998 3068 1085 3137 bella
1107 3069 1230 3139 incide·

158 3179 237 3266 rint,
252 3162 460 3247 sustentare³
475 3178 674 3245 consuerint.
703 3205 720 3240 o

208 3286 284 3353 XV.
308 3286 422 3353 Caesar
442 3284 578 3352 honoris
600 3280 781 3351 Divitiaci¹
801 3296 900 3375 atque
921 3279 1109 3350 AEduorum
1131 3306 1232 3352 causa

197 3488 222 3523 s.
237 3468 445 3539 Bratuspantium.
460 3467 495 3519 V.
511 3462 571 3518 Ind.
583 3483 671 3536 geogr.
716 3475 802 3517 essent
813 3462 841 3514 in
852 3462 924 3514 bello
935 3460 1067 3533 gerend03
1079 3461 1116 3517 ait
1128 3461 1230 3519 Morus.

159 3546 190 3601 td
204 3548 273 3601 hanc
286 3566 387 3601 vocem.
757 3542 901 3595 CszV.
922 3560 947 3594 1.
965 3541 1051 3595 Caesar
1069 3542 1165 3595 honoris
1182 3546 1232 3597 Di·

160 3688 163 3695 ,
195 3622 260 3686 Csr.
269 3628 346 3680 XIV.
359 3645 382 3681 1.
391 3626 438 3679 Ad
442 3646 501 3678 eum.
515 3624 556 3677 Sc.
565 3621 598 3677 ad
605 3617 670 3677 Caes.
717 3626 810 3684 uitiari,
825 3633 869 3674 etc.
886 3622 988 3686 Caesar,
998 3621 1050 3674 hoc
1064 3622 1140 3689 loco,
1150 3642 1232 3679 unam

198 3728 223 3761 2.
239 3709 327 3759 Petere
348 3727 396 3759 non
416 3706 500 3758 solum.
521 3703 591 3757 Edd.
607 3716 671 3756 vett.
716 3704 848 3755 rationem
860 3714 887 3754 et
898 3713 1033 3773 patentem
1045 3702 1124 3755 affert
1138 3702 1232 3755 inme·

161 3786 280 3839 Praeterea
289 3798 385 3857 petere,
400 3804 460 3857 quas
473 3785 552 3837 lectio
565 3802 620 3836 non
634 3795 674 3835 est
717 3780 810 3847 dium,
828 3800 878 3834 cur
911 3782 1064 3834 Bellovacos
1098 3794 1231 3850 servaret;

161 3866 261 3938 vulgata
271 3866 397 3931 deterior,
410 3867 447 3917 ait
460 3865 549 3918 Daris.
563 3882 626 3917 nam
639 3860 672 3914 ad
717 3860 764 3915 sed
779 3874 806 3914 et
820 3874 877 3915 erat
895 3862 947 3913 alia
968 3861 1097 3913 occultior
1116 3880 1123 3915 ε
1141 3862 1232 3915 civitas

161 3938 234 3999 aliam
242 3948 338 4000 transit
349 3948 482 3999 rationem
491 3964 540 3997 cur
550 3941 672 3997 servandi
717 3942 789 3995 enim
799 3941 1013 4005 Bellovacorum,
1021 3942 1234 3994 caeratauctori·

160 4026 210 4079 sint
223 4025 473 4080 Bellovaci.Vocem
482 4034 600 4095 proterea
611 4041 674 4075 nos·
717 4034 771 4074 tate
778 4060 787 4087 ,
795 4033 827 4073 ut
834 4021 856 4073 si
864 4018 1031 4073 clementiam
1042 4021 1157 4091 ejuslate
1164 4040 1233 4092 prae·

161 4105 195 4157 tri
206 4102 286 4159 codd.
300 4124 356 4158 non
369 4116 522 4177 agnoscunt.
718 4099 833 4165 dicaret,
852 4113 910 4152 tum
932 4099 1008 4151 facile
1031 4100 1128 4171 reliqui
1147 4102 1233 4172 Belgae

200 4186 226 4238 3.
242 4185 390 4239 Sustentata.
406 4182 489 4239 AEdui
502 4202 517 4235 a
529 4182 614 4254 Belgis
627 4200 674 4234 au·
718 4178 1235 4253 quoqueindeditionemvenirent,ejus·

78 4332 81 4341 Ι
161 4262 251 4318 xillum
275 4279 367 4338 petere
393 4265 528 4331 solebant,
543 4276 575 4318 ut
598 4279 675 4334 pares
718 4278 771 4331 que
785 4257 849 4314 fidei
863 4278 918 4314 sese
929 4261 1122 4331 permitterent.

214 4350 245 4416 1.
777 4434 781 4452 υ
1020 4339 1044 4409 e
