3000 5034
329 516 405 605 304
494 522 533 589 C.
559 520 701 588 JULII
729 514 962 587 CAESARIS
990 517 1265 589 COMMENT.

326 664 466 730 vitutem
481 661 648 749 abstrahi,
662 660 750 755 ipsos
767 658 927 747 interlici3
942 684 1015 753 quae
1035 660 1077 728 sit
1095 683 1229 729 necesse
1250 654 1410 728 accidere

326 765 464 836 victis¹¹.
479 798 497 832 n

380 876 457 943 XV.
486 875 646 941 Omnium
673 890 837 943 consensu
864 872 928 941 hac
956 874 1118 941 sententia
1144 872 1307 967 probata,
1334 894 1412 937 uno

327 980 381 1049 dic
398 978 538 1075 amplius
557 981 624 1047 XX
646 979 746 1048 urbes
764 980 949 1073 Biturigum
967 980 1198 1049 incenduntur.
1220 981 1295 1047 Hoc
1315 976 1413 1049 idem

327 1084 367 1154 fit
392 1087 426 1153 in
451 1086 583 1181 reliquis
609 1088 805 1156 civitatibus.
828 1090 870 1154 In
892 1086 1046 1154 omnibus
1074 1086 1224 1181 partibus
1250 1082 1413 1153 incendia

328 1194 599 1287 conspiciuntur:
615 1218 689 1288 quae
710 1195 771 1263 etsi
792 1216 915 1287 magno
941 1217 1019 1261 cum
1041 1191 1156 1261 dolore
1175 1215 1292 1261 omnes
1320 1190 1413 1259 fere·

327 1296 426 1387 bant,
438 1314 551 1368 tamen
564 1300 630 1369 boc
646 1300 707 1369 sibi
719 1298 826 1369 solatii
839 1298 1090 1394 proponebant,
1105 1290 1217 1393 [quod
1229 1322 1283 1386 se,
1297 1320 1413 1392 prope

241 1484 244 1487 ⁴
329 1403 500 1500 explorata
518 1407 679 1496 victoria,
701 1405 852 1475 celeriter
860 1408 1238 1499 amissarecuperaturos
1256 1402 1413 1473 confide·

329 1503 467 1602 bant¹.]
496 1511 711 1581 Deliberatur
737 1514 779 1582 de
804 1514 946 1581 Avarico
976 1514 1011 1580 in
1038 1513 1209 1581 communi
1240 1509 1412 1598 concilio,

327 1618 462 1687 incendi
487 1618 653 1713 placeret,
676 1645 719 1688 an
739 1619 883 1689 defendi.
899 1619 1129 1688 Procumbunt
1138 1616 1411 1687 omnibu's'Gallis

329 1724 372 1792 ad
388 1725 488 1819 pedes
500 1728 684 1821 Bituriges,-
700 1756 718 1792 a
731 1752 774 1795 ne
788 1720 1046 1821 pulcherrimam
1058 1750 1163 1820 propr¹
1176 1726 1275 1793 totius
1288 1722 1412 1793 Gattiae

330 1832 468 1917 urbem,
492 1857 565 1925 quae
588 1848 624 1901 et
646 1833 799 1925 praesidio
825 1846 859 1900 et
884 1846 1080 1901 ornamento
1105 1833 1146 1900 sit
1170 1832 1317 1917 civitati,
1341 1830 1412 1899 suis

330 1937 483 2005 manibus
504 1937 707 2007 succendere
727 1951 946 2033 cogerentur:
964 1930 1059 2007 facile
1079 1962 1113 2007 se
1134 1937 1199 2007 loci
1215 1951 1335 2005 natura
1353 1936 1410 2005 de·

331 2042 483 2111 sensuros
495 2070 515 2129 ,‘
527 2044 659 2128 dicunt,
680 2044 790 2137 quod,
813 2068 918 2138 prope
937 2070 978 2112 ex
998 2045 1151 2114 omnibus
1172 2044 1321 2138 partibus
1347 2042 1410 2111 flu·

328 2149 420 2216 mine
433 2163 467 2216 et
480 2146 601 2242 palude
616 2148 853 2237 circumdata²,
866 2173 971 2218 unum
981 2150 1104 2219 habeat
1116 2164 1152 2219 et
1166 2164 1408 2245 perangustum

331 2254 468 2321 aditum.
480 2283 498 2317 r
509 2256 619 2323 Datur
626 2256 816 2349 petentibus
834 2259 949 2344 venia,
964 2255 1177 2325 dissuadente
1194 2258 1304 2351 primo
1319 2260 1407 2327 Ver·

330 2362 552 2454 cingetorige,
565 2375 642 2455 post
649 2360 851 2430 concedente
859 2377 908 2449 ,et
922 2362 1076 2457 precibus
1088 2365 1236 2456 ipsorum
1245 2417 1254 2450 ,
1262 2377 1297 2431 et
1308 2363 1406 2432 mise·

333 2465 476 2536 ricordia
493 2464 593 2561 vulgi.
609 2467 953 2564 Defensores'oppido
971 2467 1081 2536 idonci
1099 2466 1297 2563 deliguntur.

384 2575 479 2642 XVI.
507 2574 761 2667 Vercingetorix
774 2575 957 2644 minoribus
971 2577 1137 2644 Caesarem
1150 2576 1321 2645 itineribus
1336 2576 1408 2644 sub

333 2682 501 2773 sequitur,
515 2694 549 2747 et
564 2678 676 2747 locum
691 2682 809 2749 eastris
822 2680 954 2775 deligit,
967 2680 1143 2776 paludibus
1162 2682 1316 2776 silvisque
1332 2709 1404 2751 rnu-

334 2788 461 2872 nitum,
488 2785 530 2851 ab
557 2787 700 2854 Avarico
727 2785 826 2881 longe
848 2786 949 2856 millia
968 2812 1126 2881 passuum
1153 2792 1247 2858 XVI.
1273 2789 1325 2857 Ibi
1348 2814 1405 2884 per

334 2905 443 2960 certos
457 2890 683 2985 exploratores
695 2894 728 2960 in
741 2892 869 2989 singula
883 2894 947 2962 dici
958 2907 1109 2989 tempora
1117 2894 1139 2984 ¹,
1152 2920 1224 2991 quae
1236 2896 1278 2964 ad
1289 2896 1404 2983 Auari-

380 3120 424 3155 ια.
444 3102 508 3171 Quoe
521 3105 555 3153 sit
568 3105 781 3171 necesserccr'dcre
795 3107 850 3157 oic-
894 3108 1071 3160 Voss.noster
1087 3109 1120 3160 R.
1139 3108 1230 3177 ⁵763,
1246 3120 1273 3160 et
1288 3107 1333 3159 alii
1347 3126 1404 3179 per-

337 3184 376 3234 tis.
395 3181 537 3252 Optimum
551 3196 623 3236 certe
638 3184 689 3236 fuit
704 3186 850 3255 Vercinge·
894 3186 972 3237 multi
983 3186 1039 3238 haro
1054 3188 1342 3259 verba‚quodseprope‚
1351 3204 1404 3239 uon

335 3260 429 3331 torigia
437 3262 578 3315 consilium
587 3261 622 3315 de
631 3262 798 3317 incendenda
808 3282 850 3316 re·
894 3276 1047 3335 agnoscunt.
1055 3264 1315 3338 Etreipsavidentur
1324 3278 1404 3319 assuta

333 3341 423 3412 gione.
438 3341 482 3393 Sic
496 3341 670 3395 Athenienses
680 3343 709 3395 in
719 3345 790 3397 bello
800 3345 854 3397 Ρεὲ
894 3358 925 3397 ut
939 3364 1044 3399 sensum
1059 3346 1177 3401 efficiant
1187 3348 1352 3419 apertiorem.
1369 3351 1403 3397 Ea

336 3420 429 3492 lopun.
445 3440 523 3473 suasu
539 3422 648 3475 Periclis
663 3435 760 3477 terram
776 3442 850 3476 suam
895 3424 1401 3481 Oberlinusuncisineludendacuravit.

337 3519 400 3553 eum
405 3501 563 3553 suburbanis
574 3500 765 3567 incenderunt;
777 3522 851 3574 neque
895 3504 988 3574 Neque
998 3515 1086 3557 tamen
1098 3524 1207 3576 prorsus
1219 3508 1312 3579 rejicio
1324 3524 1331 3558 :
1343 3522 1400 3557 urm

337 3584 408 3639 enim,
419 3593 451 3632 ut
460 3580 497 3632 ait
508 3579 690 3651 Thucydides,
693 3586 852 3651 possessiones
895 3584 925 3635 iu
937 3584 1034 3637 uostris
1048 3584 1126 3637 codd.
1138 3588 1195 3639 RR.
1208 3606 1296 3659 prope
1308 3604 1347 3639 xrr
1355 3603 1402 3636 uu·

336 3663 420 3720 auos,
431 3660 476 3710 red
482 3663 532 3711 oiri
543 3665 701 3729 possessiones
712 3666 851 3715 nanciscun-
895 3682 985 3728 meru,
1002 3664 1072 3717 inter
1087 3682 1153 3738 quos
1172 3667 1263 3737 5764,
1274 3666 1400 3737 leguntur.

338 3739 436 3791 multa
447 3757 553 3809 quoque
562 3740 653 3804 Burei,
662 3753 755 3793 contra
765 3742 852 3795 insani
938 3763 962 3796 a.
983 3744 1096 3797 Flumine
1109 3756 1134 3796 et
1145 3747 1237 3816 palude
1251 3745 1401 3799 eircrmdutu.

338 3818 479 3871 Gallorum
489 3819 656 3889 imperatoris
667 3838 722 3873 uon
735 3822 797 3875 satis
810 3828 859 3879 luev
895 3821 1006 3875 Flumen
1012 3825 1399 3890 Maraeu,urrdeurbinomcu¹

336 3896 451 3970 gandam
463 3898 644 3951 incursionem
662 3903 713 3955 181
722 3921 747 3954 a.
762 3902 851 3967 Quare
895 3902 943 3955 Eut
957 3915 984 3955 et
999 3905 1087 3975 palus,
1097 3923 1149 3976 qua
1161 3918 1318 3977 perteretus
1331 3901 1402 3975 oppi-

337 3977 853 4048 Vercingmueliusrebussuisconsuluir·
896 3980 961 4037 dum
977 3996 1023 4037 est.
1039 3984 1112 4037 Gon.

337 4057 851 4132 aurinedraricoquidempepercisset.
936 4063 1002 4121 Cae.
1015 4064 1092 4118 XVI.
1107 4083 1130 4117 1.
1141 4065 1173 4119 Ira
1180 4067 1278 4137 'singula
1288 4066 1334 4117 diei
1344 4072 1400 4113 rem·

379 4137 444 4190 Car.
454 4138 517 4190 XV.
533 4138 610 4208 Quod
621 4140 852 4212 se,prupe...corrfi·
892 4143 1021 4214 perusio
1033 4157 1124 4199 recte:
1134 4144 1181 4197 sed
1195 4147 1265 4199 mule
1283 4140 1337 4197 eod.
1352 4138 1401 4210 qvi

336 4215 435 4270 debant
455 4214 541 4271 eodd.
568 4220 601 4275 R.
621 4220 699 4291 angl.
722 4222 848 4293 Bongrre.
895 4242 968 4294 opcru
983 4224 1077 4283 babet.
1098 4226 1231 4297 Tempora,
1246 4224 1315 4279 idem
1329 4214 1400 4293 quud
