3000 5034
261 501 330 568 nn
357 499 532 567 uncto
560 501 811 596 suntme.
840 483 935 572 trs.
964 507 1078 575 vni.
1135 508 1209 594 sor

138 633 272 702 caeteris
297 633 460 701 incautius
481 633 647 727 permittit
677 633 711 700 in
734 634 938 728 prefectum.
965 638 1104 709 Faciunt
1123 640 1212 710 idem

135 764 257 808 omnes
278 739 350 831 ejus
366 739 509 831 equites,
527 762 718 832 paucosque
739 756 872 810 nostros
891 759 1093 813 convertunt
1113 761 1214 841 atque

135 847 367 940 insequuntur.
387 845 559 914 Commius
579 846 749 914 incensum
770 846 953 918 calcaribus
966 875 1089 945 equum
1103 854 1215 947 jungit

135 977 227 1047 equo
255 950 442 1041 Quadrati,
463 950 643 1044 lanceaque
670 951 812 1022 infesta⁷
834 956 980 1026 medium
1006 957 1116 1028 femur
1143 960 1214 1051 ejus

136 1061 269 1153 magnis
290 1057 415 1126 viribus
434 1058 562 1150 trajicit
579 1058 741 1128 Prtefecto
761 1059 956 1149 vulnerato,
972 1089 1041 1132 non
1061 1064 1215 1135 dubitant

137 1167 245 1234 nostri
272 1166 439 1251 resistere,
466 1179 500 1234 et
526 1150 696 1234 conversi⁸
716 1165 847 1236 hostem
872 1167 1003 1263 pellere.
1030 1172 1132 1259 Quod
1157 1172 1216 1240 ubi

136 1271 281 1359 accidit,
309 1269 497 1365 complures
526 1270 696 1358 hostium,
720 1297 843 1368 magno
870 1290 1063 1346 nostrorum
1087 1279 1215 1375 impetu

137 1377 227 1473 pulsi
238 1377 262 1464 ⁹,
282 1375 519 1464 vulnerantur,
540 1390 574 1445 et
592 1373 712 1471 partim
734 1381 768 1446 in
789 1379 869 1474 fuga
886 1396 1121 1476 proteruntur,
1136 1410 1213 1479 par·

138 1487 201 1554 tim
219 1485 482 1579 intercipiuntur.
502 1481 604 1572 Quod
627 1483 684 1552 ubi
709 1483 834 1554 malurn
855 1486 923 1558 dux
943 1492 1020 1583 equi
1040 1489 1215 1558 velocitate

139 1593 279 1661 evitavit
289 1589 331 1678 ¹⁰;
349 1591 494 1686 graviter
513 1588 706 1658 vulneratus
722 1592 918 1684 praeseetus,
936 1609 974 1663 ut
989 1599 1065 1665 vitae
1083 1599 1214 1690 pericu·

139 1697 212 1770 lum
234 1697 384 1768 aditurus
403 1696 588 1784 videretur,
604 1696 747 1765 refertur
767 1699 801 1767 in
819 1714 937 1768 castra.
961 1705 1135 1771 Commius
1156 1727 1214 1774 au·

140 1820 229 1893 tem,
251 1806 331 1894 sive
347 1805 477 1898 expiato
500 1825 561 1874 suo
587 1801 724 1890 dolore,
744 1805 814 1874 sive
837 1830 959 1900 magna
980 1823 1074 1904 parte
1096 1812 1216 1878 amissa

140 1937 296 2000 suorum,
309 1910 434 2013 legatos
449 1909 493 1979 ad
502 1911 684 1979 Antonium
700 1912 815 2000 mittit,
825 1938 926 2008 seque
941 1929 975 1984 et
986 1916 1032 1983 ibi
1048 1913 1212 2004 futurum,

140 2019 201 2088 ubi
217 2019 470 2116 praescripserit,
486 2031 519 2085 et
539 2042 578 2086 ea
599 2016 783 2107 facturum,
796 2043 870 2114 quae
885 2022 1114 2116 imperaverit,
1128 2024 1215 2092 obsi·

141 2125 240 2195 dibus
258 2125 342 2194 datis
364 2123 484 2192 firmat.
504 2125 621 2192 Unum
640 2111 720 2192 illud
739 2124 856 2215 orat¹¹,
870 2142 910 2196 ut
926 2130 1037 2198 timori
1053 2155 1114 2197 suo
1137 2155 1217 2199 con·

141 2232 298 2322 cedatur,
320 2257 361 2300 ne
382 2233 417 2299 in
439 2244 655 2326 conspectum
666 2227 688 2254 ²²
711 2234 823 2299 veniat
847 2234 1042 2330 cujusquam
1063 2237 1216 2305 Romani.

107 2483 110 2490 ι
142 2414 657 2487 nosterR.5763,perfideminterposita;
747 2431 789 2468 to.
808 2417 884 2486 Quod
894 2418 936 2468 ubi
951 2419 1220 2492 malumdueequioe·

143 2501 178 2552 al.
193 2517 250 2572 pro⁴
258 2501 395 2568 interposita
403 2536 411 2560 ,
420 2497 520 2548 habent
532 2498 659 2566 imposita,-
703 2493 801 2546 locitote
811 2499 921 2560 evitavit,
933 2510 979 2550 etc.
990 2499 1059 2551 Tota
1068 2500 1125 2552 hoec
1133 2500 1222 2570 perio·

143 2594 171 2635 ct
190 2581 400 2648 interpretantur
417 2577 473 2627 dom
489 2575 661 2647 colloqueretur
704 2572 755 2626 dus
769 2590 895 2648 corrupta
910 2575 1025 2630 videtur.
1040 2577 1120 2630 Unde
1132 2579 1218 2632 varie·

144 2681 199 2714 oum
212 2659 333 2711 Voluseno
343 2697 350 2722 ,
361 2657 410 2710 sub
420 2657 507 2728 specie
518 2653 660 2726 colloquii,
704 2666 786 2706 tatem
801 2675 922 2727 magnam
937 2658 1058 2710 lectionis
1074 2675 1163 2711 secum
1179 2671 1219 2710 at-

145 2739 213 2794 dum
229 2738 311 2791 fidem
323 2738 437 2790 habehat
449 2736 583 2808 colloquio
599 2753 661 2787 eon·
705 2735 775 2789 tulit.
796 2735 881 2789 codd.
906 2756 968 2808 pars
989 2737 1103 2790 maxima
1120 2756 1126 2790 ε
1146 2739 1221 2808 Quod

145 2839 228 2875 cesso.
244 2822 279 2870 Ae
289 2819 311 2871 si
325 2831 397 2870 recte
412 2815 511 2870 dicitur
517 2815 595 2886 fidem
606 2815 660 2882 sal·
705 2815 842 2868 obimatum
853 2817 966 2889 ducequr'
972 2817 1100 2870 velocitate
1107 2821 1217 2882 evitavit,

146 2903 209 2962 lere,
223 2899 343 2970 decipere,
358 2901 536 2958 circumvenire,
552 2915 585 2949 an
600 2893 662 2948 ideo
705 2914 735 2947 ac
756 2901 779 2948 ri
793 2899 880 2967 prelio
898 2897 1000 2949 seeundo
1014 2901 1122 2967 graviter
1139 2898 1170 2949 ab
1193 2919 1221 2951 eo

145 2982 260 3035 latinum
273 2991 313 3032 est
327 2976 416 3048 dicere
424 2997 471 3048 per
482 2976 560 3046 fidem
573 2977 662 3026 vulnus
705 2977 846 3030 uulneratus
853 2980 983 3049 prefectus
989 3017 997 3040 ,
1012 2990 1040 3029 ut
1051 2981 1112 3030 oitoe
1123 2982 1220 3049 pericu·

147 3061 224 3114 alicui
238 3065 369 3130 imponere,
382 3077 432 3129 pro
445 3058 560 3128 aliquem
570 3075 619 3128 per
629 3055 663 3107 fi·
706 3056 755 3107 lum
762 3057 872 3110 aditurus
877 3059 1013 3120 cederetur,
1026 3061 1129 3126 refertur
1138 3062 1224 3110 incas!

147 3141 211 3195 dem
226 3139 411 3210 interpositam
419 3136 561 3208 deceptum
572 3136 663 3188 vulne·
708 3147 755 3188 tra„
764 3137 917 3202 Quielectio
930 3139 975 3190 vix
986 3156 1092 3190 sensum
1106 3139 1222 3209 aliquem

147 3217 393 3275 rarelUndemihi
408 3217 576 3288 prestantior
589 3212 663 3268 vide·
707 3215 788 3268 offert
806 3218 981 3287 probabilem.
998 3217 1039 3269 Ita
1060 3219 1142 3288 igitur
1163 3237 1222 3270 eam

148 3315 195 3355 tur
205 3313 294 3354 nostra
305 3296 491 3364 lectio;m0do
506 3296 576 3368 legas
592 3298 665 3364 impo-
708 3294 1005 3366 emendothodmolum
1012 3293 1223 3360 dudCommius)

148 3385 209 3445 sita,
226 3399 278 3452 pro
293 3382 439 3450 Interposita.
708 3376 1150 3448 equioebrce'tateeritavr't.Atquesic,
1156 3397 1223 3447 proe·

191 3481 219 3532 7.
231 3462 371 3531 Lanceaque
385 3460 470 3526 inficta
480 3455 580 3524 medium
583 3457 666 3522 femur
709 3456 746 3526 lio¹
757 3455 859 3507 secundo
866 3450 949 3522 (sacto
964 3452 1153 3520 subauditur),
1162 3476 1223 3526 gro·

150 3546 201 3614 ejus
209 3539 402 3610 magnisonum
411 3542 509 3609 trajicit.
518 3535 665 3588 Aliterhoec
711 3538 770 3588 riter
794 3536 855 3588 adeo
874 3536 1015 3586 oulaemtus
1030 3538 1176 3606 proesectos,
1198 3549 1226 3588 ut

149 3624 243 3694 legunt
255 3618 354 3672 Audin.
368 3620 455 3672 Oxou.
468 3619 557 3671 Petav.
572 3629 598 3668 et
607 3632 667 3666 nos·
708 3619 769 3667 oitoe
779 3617 912 3686 perieulum
925 3616 993 3666 adire
1003 3615 1139 3677 videretur,
1152 3617 1227 3682 refer·

151 3715 192 3757 ter
205 3705 237 3755 R.
252 3701 327 3771 5763
343 3712 369 3752 et
380 3697 440 3752 edd.
454 3698 547 3771 prime
556 3715 562 3749 :
572 3698 666 3765 magnis
711 3707 750 3748 tur·
762 3700 788 3748 in
797 3707 884 3747 castro.
898 3695 1024 3748 Nostram
1031 3695 1173 3748 lectionem
1182 3715 1225 3748 ex·

153 3783 244 3836 viribus
252 3781 353 3833 medium
353 3783 435 3848 femur
442 3780 533 3849 trajicit
540 3778 568 3827 V
565 3777 666 3836 elusani:
710 3775 785 3832 hibet
794 3773 855 3828 cod.
867 3776 899 3827 R.
916 3776 1011 3845 5764.Ι

152 3861 308 3918 concinnius
315 3862 392 3913 forte.
401 3863 475 3912 Atire
483 3859 574 3926 infestis
580 3861 664 3926 signis,
755 3874 796 3931 rr.
816 3855 895 3907 Unum
908 3855 973 3906 illud
984 3867 1047 3906 oret.
1061 3854 1141 3917 Scal,
1153 3873 1225 3907 eruor

151 3961 202 4015 pro
217 3947 252 3995 ire
268 3944 359 4009 insern's
375 3941 441 4004 telis,
455 3951 481 3991 et
502 3939 552 3990 alia
572 3937 667 3990 similia
710 3936 838 3989 illuderet.
846 3935 926 4000 Male,
933 3947 967 3998 et,
978 3933 1128 4001 utvidetur,
1135 3953 1228 3989 errore

152 4021 537 4094 passimocourruntinnostro
551 4032 665 4073 auctore.
710 4016 919 4094 typographico3
946 4034 1009 4068 narn
1026 4013 1104 4068 codd.
1134 4032 1230 4068 omnes

196 4108 222 4158 8.
239 4102 361 4156 Conversi.
376 4100 417 4152 At
434 4112 460 4152 et
479 4109 568 4152 noster
584 4097 667 4152 codex
710 4097 811 4150 habent
823 4107 886 4148 orat.

157 4183 249 4256 5763,
265 4185 381 4242 consensis
400 4184 474 4252 equis.
757 4196 801 4229 ra.
818 4176 849 4229 Ira
864 4187 1019 4246 conspectum.
1038 4175 1107 4240 Alii,
1121 4179 1147 4226 in
1161 4195 1229 4227 corre-

197 4283 224 4333 9.
239 4263 319 4315 Pulsi.
329 4264 418 4318 Recte.
429 4256 669 4312 Etsiincodicibtu
710 4269 796 4328 pecto,
814 4269 953 4327 utsupra,
969 4275 991 4308 c.
1010 4256 1043 4322 8,
1069 4267 1096 4308 et
1118 4255 1181 4310 aliar
1198 4256 1228 4309 in

128 4393 131 4402 .
156 4343 290 4416 plerisque
304 4341 406 4415 legatur
415 4340 528 4411 perculsi.
714 4337 766 4395 hoc
781 4337 851 4391 libro
862 4333 987 4393 vidimus.
