3000 5034
537 509 603 581 nr
631 512 833 583 cineis·
1146 511 1224 612 489

143 652 180 708 et
196 641 318 735 praedae
336 643 509 739 cupidine,
531 644 619 715 Galli
640 659 708 716 tres
728 647 766 714 in
789 659 902 744 partes
929 645 1112 716 exercitum
1133 646 1224 716 divi-

146 745 248 835 dunt,
266 773 355 819 anno
369 753 413 820 U.
433 752 472 820 C.
489 767 800 840 ccccnxx111,ente
821 753 995 824 Christum
1021 753 1107 824 281.
1126 755 1224 841 Pars,

144 852 263 950 Bolgio
275 855 376 946 duce,
387 857 623 928 Macedoniam
636 883 793 955 aggressa
806 874 873 948 est3
883 883 1039 955 annoque
1054 864 1223 954 sequenti,

142 960 234 1030 victo
256 964 328 1033 acie
349 978 383 1034 et
403 963 579 1034 interfecto
597 964 777 1036 Ptolemaeo
799 968 972 1055 Cerauno,
994 967 1221 1038 Macedonum

143 1091 240 1162 rege,
254 1070 405 1140 nondum
422 1073 493 1141 ansi
504 1073 670 1142 Graeciam
683 1072 827 1168 ingredi,
838 1097 915 1144 suas
927 1075 963 1146 in
974 1072 1069 1144 sedes
1082 1073 1219 1144 rediere.

142 1174 224 1244 Pars
244 1174 367 1266 altera,
385 1180 520 1247 Brenno
540 1170 596 1266 (is
617 1181 751 1249 Brenno
773 1181 1005 1250 Romanorum
1023 1181 1151 1251 victore
1165 1182 1220 1275 ju·

140 1273 247 1371 nior)
265 1297 299 1352 et
315 1285 494 1354 Acichorio
512 1285 670 1374 ducibus,
690 1287 857 1356 universae
875 1289 1013 1358 Graeciae
1033 1289 1141 1356 minas
1162 1290 1218 1357 in-

140 1389 320 1459 tentabat:
343 1390 474 1487 direpta
494 1391 630 1482 AEtolia,
654 1395 787 1463 Ulalu'a
803 1393 894 1463 dana
914 1396 953 1463 la
976 1388 1110 1480 Grece,
1132 1395 1221 1464 Del·

138 1495 247 1588 phos,
264 1494 376 1568 locum
396 1499 568 1569 immensis
584 1499 748 1569 thesauris
771 1499 816 1569 ob
835 1499 1000 1596 Apollinis
1020 1499 1217 1596 religionem

134 1599 380 1691 clarissimum,
402 1605 548 1700 petebat.
575 1608 722 1695 Graecia,
749 1606 933 1700 religionis,
958 1605 1090 1702 gloriae,
1111 1631 1217 1701 opum

135 1705 329 1780 discrimine
340 1723 527 1801 commota,
540 1715 674 1782 Brenno
692 1713 828 1782 obviam
846 1715 892 1782 iit.
907 1713 961 1783 Ad
975 1713 1216 1808 Thermopylas

137 1815 402 1914 Parnassumque
423 1833 573 1889 montem
595 1817 752 1915 Delphis,
770 1823 903 1908 Castri,
923 1821 1090 1909 vicinum,
1103 1822 1215 1891 victus

135 1935 186 1991 est
209 1949 217 1991 ε
240 1938 333 1994 tanta
352 1940 488 2022 temque
506 1941 602 1996 atrox
619 1940 878 2023 tempestatum,
896 1926 1093 2016 fulminum,
1111 1926 1216 2023 frigo-

135 2052 278 2124 rumque
299 2033 350 2101 vis
370 2047 466 2102 motu
486 2047 584 2104 terrae
606 2049 722 2104 exorta
742 2049 813 2123 est,
829 2046 869 2103 ut
887 2035 1005 2131 ingens
1023 2034 1094 2128 ejus
1116 2058 1212 2104 exer·

133 2137 222 2206 citus
233 2136 362 2209 deletus
372 2139 587 2228 occubuerit,
597 2141 719 2235 vixque
733 2155 900 2236 superstes
909 2140 1026 2228 fuerit,
1038 2143 1095 2236 qui
1109 2139 1214 2212 cladis

131 2245 291 2314 nuntium
318 2245 430 2315 ferret
459 2245 628 2334 Brennus,
649 2245 823 2317 confectus
850 2245 1064 2335 vulneribus,
1088 2246 1211 2342 largius

131 2347 254 2420 hausto
265 2351 365 2441 vino,
378 2352 439 2422 sihi
454 2353 531 2421 vitu
542 2352 664 2441 finem,
677 2367 712 2422 et
725 2353 829 2422 cladis
840 2351 994 2422 solatium
1009 2354 1105 2441 lecit,
1121 2379 1213 2424 anno

132 2455 237 2527 Urbis
248 2458 392 2530 conditae
401 2467 616 2548 ccccdxxvr,
629 2473 706 2528 ante
718 2459 891 2530 Christum
907 2460 992 2555 ²78·
1006 2462 1087 2530 Pars
1100 2463 1213 2550 tertia,

120 2565 265 2636 ‚Brenno
278 2590 439 2656 concors,
461 2581 589 2636 etcum
610 2591 651 2635 eo
671 2567 705 2635 in
726 2566 924 2654 Dardanos,
945 2569 984 2635 la
1001 2569 1132 2654 Serve,
1156 2593 1213 2636 us·

129 2693 195 2763 que
216 2671 386 2766 profecta,
401 2674 448 2743 ihi
465 2673 663 2744 militaribus
681 2673 840 2762 dissidiis,
854 2670 1049 2768 meliorique
1069 2672 1140 2742 fato
1161 2675 1209 2743 ab

129 2799 169 2846 eo
191 2777 340 2869 divulsa,
358 2779 535 2852 Thraciam
557 2782 706 2877 repetiit,
730 2777 872 2851 ducibus
891 2781 1112 2850 leonorioet
1136 2782 1205 2850 Lu·

127 2885 236 2954 tario:
256 2889 466 2981 Bysantium,
491 2889 797 2985 Constannhople„
810 2889 1002 2982 occupavit,
1019 2910 1114 2957 cram
1127 2889 1205 2958 Pro

125 2992 286 3084 pontidis,
306 2995 344 3063 la
362 2995 492 3064 merde
511 2997 697 3066 Mannum
703 3049 716 3082 ,
731 3020 779 3066 ou
792 2997 830 3066 la
847 3020 921 3066 mer
937 2995 1113 3083 Blancde,
1131 3021 1207 3066 vec·

126 3096 261 3192 tigalem
279 3099 414 3189 habuit,
428 3101 565 3197 ejusque
586 3103 687 3172 urbes
709 3102 862 3172 obtinuit.
881 3105 969 3173 Tum
983 3101 1096 3170 audite
1116 3103 1205 3172 Asiae

125 3203 293 3294 ubertate,
316 3209 438 3304 cupido
459 3210 581 3278 invasit
600 3210 636 3277 in
658 3232 732 3278 eam
754 3207 956 3280 transeundi.
975 3208 1203 3302 Lysimachia,

124 3311 324 3402 Hexamilc‘,
348 3315 464 3385 fraude
485 3330 602 3411 capta3
620 3315 897 3410 Chersonesoque
919 3316 1011 3383 omni
1032 3337 1203 3410 possessa,

124 3415 167 3486 ad
179 3417 450 3516 Hellespontum,
467 3415 638 3492 lede'troit
647 3421 709 3492 des
723 3421 975 3507 Dardauelles,
987 3436 1125 3490 ventum
1139 3436 1199 3491 est

59 3563 60 3568 κ
123 3523 175 3593 Ihi
195 3528 368 3619 Lutarius,
389 3529 648 3617 Macedonibus,
670 3553 756 3624 quos
776 3553 840 3623 per
860 3529 1006 3623 speciem
1026 3527 1199 3623 legationis

123 3630 313 3728 Antipater,
328 3635 505 3732 prefectus
527 3636 598 3730 ejus
621 3661 707 3722 orae,
726 3635 770 3704 ad
788 3633 1028 3732 speculandum
1045 3636 1200 3724 miserat,

121 3737 205 3812 duas
226 3755 333 3813 tectas
350 3768 453 3814 naves
474 3759 511 3814 et
526 3758 596 3815 tres
614 3741 734 3836 limbos
756 3741 900 3812 adimit:
921 3741 976 3811 his
994 3739 1076 3810 alios
1097 3755 1201 3835 atque

120 3843 202 3916 alios
233 3847 303 3918 dies
337 3865 517 3946 noctesque
550 3849 822 3938 transvehendo,
848 3850 937 3918 intra
966 3872 1093 3944 paucos
1125 3848 1197 3917 dies

120 3967 236 4025 omnes
261 3958 542 4052 copias-trajicit,
562 3967 652 4029 a'nno
673 3957 767 4028 urhis
793 3956 935 4027 conditae
960 3978 1197 4042 ccecnxxvn,

117 4073 195 4130 ante
209 4062 382 4135 Christum
397 4089 485 4163 277.
499 4068 575 4134 Jarn
590 4067 792 4155 Leonorius,
809 4079 965 4134 exoratus
977 4087 997 4131 a
1011 4061 1199 4133 Nicomede

119 4167 282 4263 Bithyniae
292 4184 431 4268 rege,ut
444 4174 615 4268 ipsiopem
628 4172 747 4260 ferret,
756 4197 777 4240 a
787 4172 944 4266 Bysantio
955 4171 1191 4240 transmiserat.
