3000 5034
241 511 316 603 470
586 503 950 572 „Dlssntttarlo

238 639 340 733 igitur
362 649 559 731 argumenta
585 649 620 704 et
647 633 781 704 aliunde
808 635 913 729 petita
935 633 1019 702 mihi
1040 631 1208 728 seligenda
1233 647 1321 702 sunt

239 741 411 814 Nonnulla
423 757 537 812 extant
552 755 667 810 vetera
683 743 851 810 itineraria
867 742 1145 836 Romanapquae,
1160 739 1221 808 etsi
1235 763 1322 832 saepe

241 852 361 947 saepius
382 849 559 937 mendosa,
577 862 690 917 tamen
712 847 822 918 lucem
842 844 986 941 aliquam
1007 847 1181 940 quaestioni
1197 870 1322 940 propo·

241 957 311 1026 sitae
324 971 466 1051 possunt
479 955 676 1025 diffundere.
695 956 826 1043 Primo,
839 953 1001 1023 Antonini
1012 955 1098 1048 Imp.
1117 954 1323 1022 itinerarium

121 1073 124 1082 “
241 1063 361 1132 urbem
383 1061 591 1157 Agendicum
621 1063 716 1156 ponit
741 1063 830 1130 inter
851 1061 1019 1130 Lutetiam
1047 1075 1081 1130 et
1106 1058 1322 1154 Augustobo-

242 1191 321 1237 nam
343 1170 620 1256 Tricassensium‚
640 1168 707 1238 hoc
726 1167 847 1237 modo:

365 1383 544 1449 Mensam
558 1383 729 1450 Romanae
749 1402 797 1447 ex
814 1381 999 1447 Itinerano
1017 1380 1197 1447 Antom'ni.

242 1565 272 1633 A
298 1566 460 1634 Lorarii.
481 1562 524 1631 ad
527 1608 1152 1630 ........................
1159 1551 1162 1557 ’
1169 1609 1316 1629 ......

296 1671 508 1742 Maurarum
523 1661 536 1756 (
550 1661 698 1758 Melan)
708 1714 1064 1735 ..............
1088 1669 1136 1736 Μ.
1160 1671 1196 1736 Ρ.
1220 1690 1323 1737 xvln.

296 1767 753 1870 Conoarr(Monterault)
761 1821 1062 1840 ............
1084 1766 1137 1856 Μ.
1159 1777 1268 1854 Ρ.,ιν
1315 1828 1322 1841 .

295 1883 519 1952 Aaronem
522 1927 1062 1950 .....................
1089 1883 1136 1949 Μ.
1159 1884 1195 1951 Ρ.
1218 1905 1287 1950 xrn
1315 1933 1322 1948 .

295 1990 465 2080 Casuum.
490 2032 1066 2053 ······················
1087 1989 1135 2056 Μ.
1160 1990 1195 2056 Ρ.
1218 2010 1322 2056 xvn.
1395 2030 1399 2036 -

296 2094 596 2166 Aoousroaonssr
597 2139 1065 2161 ··················
1086 2095 1134 2161 Μ.
1157 2097 1192 2162 Ρ.
1206 2117 1278 2175 ¹avr
1316 2147 1322 2161 .

549 2251 550 2262 ¹
629 2263 778 2338 Summa.
803 2311 1053 2329 ..........
1074 2263 1121 2329 Μ.
1145 2265 1181 2330 Ρ.
1205 2286 1322 2331 mxrx.

296 2461 402 2528 Porro
415 2485 435 2528 a
450 2461 583 2528 Lutetia
595 2451 609 2548 (
619 2461 724 2528 Paris
735 2451 765 2548 ),
782 2458 825 2527 ad
840 2458 1118 2555 Augustobonam
1133 2454 1147 2542 (
1162 2460 1280 2528 dicim
1290 2451 1321 2547 )‚

238 2567 306 2634 ¹iter
324 2565 459 2636 facienti
479 2591 540 2660 per
554 2567 691 2652 Melan,
703 2567 947 2659 ‚Monteraulss
965 2568 1128 2652 Prort'm,
1153 2568 1201 2650 da
1221 2563 1325 2634 leucae

243 2670 414 2762 francicas,
425 2695 624 2767 unaquaque
630 2682 654 2741 ‘a
666 2670 745 2740 mill.
759 2671 933 2770 Hexapod.
947 2687 1137 2760 constante,
1148 2696 1189 2740 ex
1201 2695 1324 2768 mappa

242 2778 411 2847 itineraria
432 2801 451 2847 a
474 2781 519 2848 D.
543 2781 759 2849 Samencourt
778 2779 949 2866 confecta,
971 2803 1072 2874 quarn
1093 2780 1171 2848 satis
1192 2776 1324 2847 fidelem

242 2886 442 2978 reperimus,
465 2909 537 2954 sese
558 2885 722 2973 offerunt,
739 2910 814 2979 quae
836 2885 970 2980 quidem
991 2885 1083 2953 haud
1103 2883 1248 2954 multum
1270 2909 1323 2956 su-

242 3005 362 3084 perant
384 2990 554 3058 dimidiam
577 3006 707 3086 partem
731 2995 865 3060 numeri
891 3016 940 3087 79
966 3016 1067 3087 supra
1091 2993 1222 3088 scripti,
1243 2991 1324 3060 dum

241 3095 344 3164 modo
364 3095 465 3165 fidem
484 3097 702 3192 adhibeamus
725 3098 943 3173 celeberrimo
964 3098 1157 3184 d'Anville,
1174 3099 1231 3192 qui
1252 3097 1324 3166 mil·

242 3199 285 3270 lia
297 3203 460 3271 itinerarii*
473 3197 571 3272 Rom.
590 3203 654 3275 hac
673 3206 707 3272 in
725 3218 821 3300 parte
836 3204 953 3275 Galliae
972 3207 1113 3274 aestimat
1126 3229 1198 3274 esse
1213 3202 1324 3274 leucas

242 3307 376 3403 gallicas
401 3306 499 3381 1500
515 3334 600 3405 pass.
617 3334 701 3379 rom.
718 3325 925 3400 constantes,
940 3325 974 3380 et
989 3311 1171 3380 efficientes
1192 3313 1325 3381 circiter

241 3413 263 3496 {-
279 3412 361 3484 leuc.
376 3415 580 3504 ¹francicam,
598 3415 652 3486 vel
668 3418 779 3512 potius
799 3415 898 3503 1134
916 3421 1044 3512 Hexap.
1061 3420 1107 3486 Ar
1122 3418 1323 3487 nocentiores

241 3544 405 3592 mensurae
430 3521 465 3590 in
492 3524 677 3617 Pomptinis
698 3523 875 3618 paludibus
902 3526 1046 3593 Romam
1065 3524 1160 3618 juxta
1181 3538 1323 3620 recepta

240 3626 322 3696 dant
333 3625 441 3697 solum
459 3653 472 3697 r
486 3627 556 3700 132
572 3633 672 3718 Hex.;
683 3631 729 3698 ita
741 3631 857 3724 igitur,
871 3634 918 3716 [po
932 3629 953 3700 l.
966 3630 1006 3699 fr.
1017 3630 1211 3715 =84000
1220 3634 1322 3718 Her,

241 3748 275 3826 et
287 3732 365 3830 791.
379 3732 503 3829 golt:
512 3736 640 3831 89428
650 3739 751 3824 Hex.;
763 3736 952 3806 differentia
964 3733 1068 3822 5428
1076 3739 1177 3825 Hem,
1190 3763 1210 3806 2
1221 3735 1241 3805 Ι.
1251 3724 1272 3827 Ξ
1282 3736 1321 3806 fr,

239 3838 293 3908 vel
309 3839 368 3926 41.
385 3828 409 3930 ξ-
427 3840 502 3935 gall.
525 3842 646 3936 quibus
667 3842 821 3912 distantia
844 3843 963 3938 gallica
982 3857 1118 3937 superat
1132 3843 1321 3912 distantiam

239 3945 445 4035 francicam,
472 3949 563 4042 quod
583 3973 654 4017 non
675 3951 798 4018 mirum
822 3965 873 4019 est
898 3975 961 4044 pro
982 3949 1171 4019 discrimine
1191 3952 1322 4018 viarum

238 4067 390 4122 veterum
410 4078 449 4123 ac
471 4056 703 4126 recentiorum.
727 4057 923 4126 Mansuram
945 4071 1100 4126 autema
1124 4057 1258 4124 Lutetia
1279 4053 1320 4124 ad

238 4149 533 4256 Augustobonam,
554 4165 589 4233 si·
602 4165 773 4238 transieris
795 4186 856 4257 per
872 4164 993 4235 urbem
1010 4166 1114 4252 Sem,
1135 4187 1242 4258 prope
1263 4185 1319 4257 pa-
