3000 5034
129 507 1218 548 mmmmm-»mmmmm

318 668 547 782 onno
589 671 685 778 ur
727 640 1080 780 sonus?

136 879 328 988 Quattuor
346 875 620 990 volantium,
646 872 791 985 quibus
815 889 977 955 constat
1000 899 1104 954 nova
1131 871 1219 956 haec

266 1029 406 1092 nostro
433 1005 476 1090 C.
504 1009 540 1090 J.
568 1007 739 1090 casaris
761 1038 927 1119 opetum
950 1003 1085 1090 edito.

399 1177 963 1214 *m

135 1313 236 1440 Vou
249 1373 277 1440 1.
297 1373 347 1438 De
365 1373 455 1440 Bello
475 1372 600 1438 Gallim
617 1372 935 1438 commentariorum
950 1370 1027 1436 libri
1043 1394 1121 1455 vsu,
1138 1392 1218 1437 cum

136 1480 237 1562 notis,
250 1502 368 1572 mappa
382 1481 501 1574 veteris
522 1478 633 1546 Gallia
653 1479 885 1570 geographica,
897 1494 930 1543 et
948 1478 1068 1544 tubulis
1084 1501 1148 1544 aere
1159 1500 1219 1544 cee-

136 1584 217 1650 latis.

245 1691 333 1756 Huic
350 1691 436 1756 libro
454 1690 678 1781 pnoeliximus:

182 1811 217 1880 1⁰
240 1811 421 1904 Epistolam
437 1814 714 1903 nuncupatoriam
731 1812 773 1878 ad
788 1809 995 1878 Ludoricum
1007 1807 1137 1896 xvln,
1152 1811 1218 1878 lm·

134 1919 184 2002 jus
200 1919 404 1987 collectionis
424 1923 532 1990 letinae
551 1921 822 2012 augustissimum
837 1937 1027 2011 patronum.

177 2025 218 2093 2⁰
239 2028 471 2094 Praefationem
491 2027 533 2093 ad
551 2027 720 2093 eruditum
736 2029 903 2093 lectorem.

179 2127 217 2200 3⁰
240 2135 320 2198 Belli
327 2132 442 2200 Gallici
456 2136 567 2220 fastos,
585 2135 652 2200 sive
669 2135 786 2201 seriem
800 2151 912 2202 rerum
926 2151 960 2200 et
973 2149 1162 2224 temporum
1176 2132 1219 2198 ad

12 2267 14 2343 ss
139 2241 162 2304 J.
178 2240 313 2306 Cosano
331 2242 586 2314 commentarios
602 2240 644 2306 de
662 2241 751 2307 Bello
766 2241 891 2306 Gallico
906 2241 1144 2349 pertinentium
1158 2257 1219 2330 per

140 2349 285 2412 eonsules
300 2346 472 2439 digestam.

243 2490 295 2554 Ad
314 2491 436 2556 calcem
455 2490 649 2571 rejecimus:

183 2610 217 2678 1⁰
240 2607 323 2678 Tres
334 2609 376 2679 de
391 2613 578 2706 Agendico,
592 2609 634 2678 de
645 2611 763 2696 Gallia,
775 2612 818 2678 de
833 2611 948 2692 Gallis,
962 2611 1216 2681 dissertationes.

13 2723 14 2794 ,
129 2739 133 2745 ·
180 2713 218 2784 2⁰
242 2719 405 2786 Omnium
422 2722 570 2786 virorum
586 2717 766 2789 illustrium
781 2718 925 2786 indicem
938 2744 1083 2810 quorum
1097 2719 1133 2786 in
1149 2721 1217 2812 pri-

17 2895 20 2902 ,
42 2824 45 2833 '
139 2849 191 2892 mo
208 2825 272 2892 hoe
290 2829 461 2914 volumine
480 2829 605 2893 mentio
624 2831 707 2894 lacta
726 2845 786 2896 est.

174 2927 219 2997 3⁰
243 2931 448 3024 Compendia
465 2935 651 3026 scripturas,
667 2960 740 3026 quae
761 2935 879 3026 saepius
898 2954 1099 3020 occurrunt,
1117 2960 1218 3027 expo·

72 3106 77 3118 ‚
137 3040 212 3124 sita,
232 3057 304 3106 tum
322 3037 365 3106 ad
387 3041 486 3123 hujus
506 3043 673 3123 Auctoris,
694 3062 767 3110 tum
783 3041 980 3110 eduliorum
998 3040 1057 3134 qui
1074 3067 1217 3132 sequen·
1272 3116 1276 3125 ,

14 3217 15 3226 χ
86 3142 96 3166 “
137 3162 209 3231 tur,
229 3145 493 3214 illustrationem.

178 3279 253 3344 Vol.
273 3281 316 3348 11.
339 3281 390 3344 De
407 3282 496 3346 Bello
518 3282 629 3360 Civili,
649 3281 724 3348 libri
739 3307 780 3347 111
798 3306 807 3348 t
827 3284 868 3348 de
888 3285 978 3349 Bello
997 3284 1217 3350 Alexandrino

15 3422 20 3442 ι
138 3381 217 3450 liber
236 3408 268 3469 13
290 3386 369 3450 item
393 3386 433 3451 de
455 3388 544 3452 Bello
565 3389 718 3454 Africano
739 3406 773 3453 et
796 3389 988 3479 Hispanico,
1009 3413 1087 3455 cum
1110 3390 1217 3472 notis,

60 3559 61 3564 ,
139 3512 252 3579 mappa
269 3491 432 3580 Hispaniae
447 3494 582 3572 veteris,
600 3511 632 3559 et
649 3494 768 3562 tabulis
785 3518 848 3558 aere
866 3496 999 3580 caelatis,
1016 3513 1180 3593 utsupra,

246 3607 434 3674 Praeterea:

184 3717 218 3786 1⁰
241 3723 378 3804 Omnia,
396 3717 470 3810 quse
486 3742 684 3813 supersunt,
703 3721 837 3790 Caesaris
852 3727 1046 3817 fragmenta.

180 3824 220 3892 2⁰
252 3829 428 3920 Catalogus
452 3831 608 3896 Virorum
632 3833 810 3899 illustrium
842 3857 986 3933 quorum
1013 3835 1215 3901 mentionem

138 3936 318 4001 continebit
333 3938 398 4004 hoe
414 3938 597 4027 secundum
613 3942 780 4006 volumen.

178 4065 251 4132 Vol.
275 4069 336 4134 111.
369 4067 404 4142 1⁰
431 4071 563 4162 Effigies
587 4075 624 4144 C.
654 4073 731 4140 tulii
753 4076 904 4159 Caesaris,
933 4076 1094 4142 ebasalte
1118 4076 1212 4168 nigre

138 4190 291 4262 expressa.
