3000 5034
290 469 363 552 242
420 465 458 537 c.
487 460 641 535 tumr
669 456 922 530 casatus
948 457 1244 531 connitur.

287 597 409 685 altera,
429 620 472 663 ne
494 575 687 663 Ambiorix⁴
700 589 744 659 ad
763 614 821 660 eoa
838 589 1180 685 receptumrhaberet
1199 591 1260 661 His
1281 614 1363 674 con·

286 706 409 775 utitatis
423 701 540 787 rebus,
558 696 695 794 paulurn
710 721 812 792 supra
830 722 907 769 eum
928 696 1040 767 locum
1048 682 1072 776 ⁵,
1088 721 1155 791 quo
1173 712 1251 767 ante
1268 722 1365 767 exer·

287 812 391 885 citum
413 807 667 894 transduxerat,
686 803 795 873 facere
820 817 958 899 pontem
971 804 1131 876 instituit
1154 806 1245 875 Nota
1262 818 1365 899 atque

286 919 438 990 instituta
466 915 610 1001 ratione,
635 934 760 1005 magno
784 910 926 983 militum
954 910 1085 999 studio,
1106 912 1221 1005 paucis
1245 910 1366 983 diebus

181 1104 189 1119 ¹
287 1049 372 1118 opus
393 1021 545 1093 efficitur.
568 1022 680 1093 Firmo
698 1020 732 1087 in
748 1020 893 1091 Treviris
914 1017 1067 1116 praesidio
1086 1017 1131 1086 ad
1149 1032 1287 1112 pontem
1311 1043 1366 1089 te·

287 1126 384 1218 licto,
398 1154 440 1197 ne
462 1130 535 1222 quis
549 1127 591 1197 ab
608 1128 646 1199 iis
665 1124 775 1195 subito
792 1141 904 1198 motus
921 1126 1080 1213 oriretur,
1092 1123 1233 1219 reliquas
1248 1127 1364 1220 copias

286 1238 535 1331 equitatumque
549 1232 742 1305 transducit.
753 1233 835 1305 Ubii
842 1218 868 1321 ⁶,
877 1234 935 1326 qui
947 1246 1026 1303 ante
1035 1231 1169 1302 obsides
1184 1231 1364 1321 dederant,

286 1343 434 1438 atquessjn
450 1341 651 1413 deditionem
664 1339 859 1428 venerant⁷,
870 1338 1036 1435 purgandi
1049 1340 1100 1409 sui
1113 1362 1214 1409 causa
1227 1338 1271 1410 ad
1283 1363 1364 1410 eum

286 1446 412 1544 legatos
423 1451 578 1536 mittunt,
592 1450 649 1542 qui
663 1446 824 1537 doceant,
843 1471 980 1540 «neque
992 1470 1034 1515 ex
1050 1468 1110 1515 sua
1122 1447 1258 1517 civitate
1269 1446 1363 1515 auxi·

286 1554 330 1625 lia
347 1558 382 1625 in
397 1558 552 1628 Treviros
570 1557 688 1641 missa,
702 1579 811 1649 neque
824 1554 868 1625 ab
885 1579 921 1623 se
938 1552 1039 1624 fidem
1056 1551 1168 1622 laeaam
1180 1577 1188 1619 τ
1202 1581 1221 1619 u
1242 1566 1363 1646 petunt

285 1678 384 1757 atque
401 1678 516 1751 orant,
534 1691 552 1727 a
569 1675 607 1733 ut
616 1662 677 1731 sibi
686 1676 804 1755 parcat
812 1646 836 1747 ⁸,
850 1685 893 1729 ne
906 1660 1077 1729 communi
1086 1658 1164 1730 odio
1172 1660 1361 1729 Germano·

285 1794 360 1841 rum
375 1772 568 1839 innocentes
583 1794 645 1863 pro
659 1766 857 1837 nocentibus
871 1791 986 1862 poenas
997 1764 1165 1860 pendant:
1178 1766 1206 1835 si
1218 1763 1361 1860 amplius

285 1874 439 1946 obsidum
457 1874 556 1962 velit,
574 1874 654 1943 dare
677 1873 877 1968 pollicentur
885 1872 908 1942 ⁹.
920 1903 938 1939 a
971 1874 1116 1967 Cognita
1130 1874 1243 1943 Caesar
1260 1894 1362 1943 cauae

284 1983 426 2077 reperit,
447 1981 490 2051 ab
512 1982 629 2051 Suevis
650 1979 772 2049 auxilia
791 1981 892 2051 missa
912 2004 1002 2066 esse,
1023 1979 1191 2049 Ubiorum
1211 1977 1359 2049 tansiac-

284 2088 408 2158 tionem
430 2088 559 2180 accepit
569 2086 605 2173 ¹⁰,
623 2086 732 2155 aditus
754 2086 890 2178 uiasque
910 2086 946 2153 in
962 2087 1091 2153 Suevos
1106 2085 1278 2178 perquirit.

336 2196 379 2261 Χ.
407 2194 546 2261 Interim
574 2192 689 2285 paucis
717 2204 795 2285 post
823 2190 940 2260 diebus
960 2190 1000 2259 lit
1029 2190 1072 2259 ab
1098 2190 1195 2261 Ubiis
1216 2192 1360 2279 certior,

282 2300 410 2369 Suevos
431 2318 547 2367 omnes
574 2321 680 2367 unum
700 2296 865 2367 inlocum
891 2299 1004 2392 copias
1032 2321 1173 2392 cogere,
1193 2311 1295 2391 atquc
1318 2298 1359 2368 iis

280 2403 494 2492 nationibus,
516 2428 590 2497 quae
614 2403 676 2473 sub
703 2426 820 2473 eorum
841 2402 927 2473 sint¹
950 2405 1111 2498 imperio,
1141 2403 1358 2492 muntiare,

279 2597 427 2651 cnshalret:
437 2594 733 2666 Getidtteuruic'sptbipatr
742 2597 800 2648 ἐπι·
881 2598 912 2649 6.
931 2595 998 2649 Ubii.
1011 2594 1076 2649 Vid.
1090 2596 1114 2649 l.
1126 2613 1174 2660 rr,
1189 2614 1213 2649 c.
1240 2602 1285 2652 16.
1302 2598 1358 2651 tbi·

281 2679 428 2747 nlpplncau
441 2676 463 2727 el
474 2676 605 2745 Γερμανοί.
614 2675 798 2747 Quapropter,
843 2674 906 2729 dem
918 2688 960 2728 est
974 2674 1009 2729 de
1024 2674 1125 2728 Saevit.
1140 2675 1180 2727 M.

281 2757 432 2828 postulante
444 2773 535 2821 senna,
549 2766 576 2806 et
589 2766 723 2807 annuente
731 2757 800 2808 Voa·
884 2774 911 2824 7.
928 2757 960 2807 In
973 2756 1117 2808 Maiorem
1131 2766 1258 2808 meant.
1275 2758 1317 2810 tt
1332 2760 1357 2809 in

281 2836 337 2901 alo,
351 2852 509 2907 reponerem
523 2834 652 2900 libenter,
670 2832 797 2888 θην-ι’.
842 2834 963 2888 ditium

323 2922 350 2979 4.
367 2913 505 2967 Ambiorix.
525 2911 597 2967 Vide
612 2932 692 2984 supra
712 2916 799 2986 capita
884 2919 910 2970 8.
922 2914 1118 2985 Utribe'parcat,
1128 2933 1157 2965 ne
1167 2914 1355 2968 ammodo.

284 2993 318 3061 ⁵,
335 2996 367 3055 6,
377 3012 410 3067 9,
418 2992 467 3045 uhi
481 2992 578 3062 passim
590 2991 624 3048 de
636 2992 691 3047 illo.
843 2994 967 3047 Davisius
979 2995 1039 3047 vult
1053 3014 1097 3047 nec
1113 2997 1238 3047 comuni.
1255 2997 1305 3061 At,
1321 2996 1356 3050 ait

325 3073 350 3127 5.
368 3072 449 3143 Supra
471 3091 523 3125 eum
537 3072 621 3125 locum.
639 3074 679 3125 De
694 3092 798 3146 nupero
842 3073 1037 3145 Oudendorp,
1054 3094 1111 3127 non
1130 3087 1170 3127 eat
1190 3072 1220 3125 id
1238 3093 1354 3129 nenena·

281 3150 800 3225 pontevidel.1v,c.17;etainonoon·
840 3155 927 3219 rium
942 3164 1005 3206 na'm
1023 3167 1051 3206 et
1072 3171 1149 3225 graec.
1168 3153 1302 3226 interpres
1319 3156 1355 3207 ita

282 3231 577 3303 statquopotiasimum
590 3233 649 3285 loro
660 3234 741 3287 fuerit
755 3234 799 3285 in·
840 3233 921 3288 habet
934 3234 1123 3305 συγγινόσκιιν,
1135 3233 1170 3306 μή
1183 3228 1230 3285 διὰ
1239 3236 1269 3287 τὸ
1282 3237 1360 3287 abrut-

282 3313 399 3367 atitntus.
409 3311 543 3377 Quoniam
557 3325 645 3365 autem
655 3332 738 3383 pona,
750 3315 798 3385 qui
841 3318 926 3384 μῖσοςς
942 3326 992 3367 etc.
1009 3315 1139 3367 Pmterea
1148 3331 1202 3368 vox
1217 3313 1354 3386 nepeta&

167 3434 170 3441 .
283 3410 355 3445 nunc
370 3391 417 3457 fit,
438 3390 467 3443 in
482 3392 657 3445 Trevirorum
677 3393 798 3463 partibus
841 3410 857 3446 a
866 3406 967 3464 pareat,
980 3412 1034 3447 non
1049 3396 1173 3450 aberam.

283 3472 367 3525 tuens
382 3482 438 3537 eat,
454 3465 535 3532 (nana
551 3472 579 3523 in
599 3472 718 3525 Treviris
732 3491 801 3542 prae·
883 3474 988 3543 ,nm
996 3475 1352 3545 palummatuartoare,

283 3550 381 3605 sidium
389 3549 727 3621 adpontemrelictumease
735 3570 798 3609 mox
840 3555 1043 3625 prosedaturos,
1053 3558 1279 3626 jammonniannt.

282 3626 510 3693 dicetur)videtur
523 3630 612 3702 colligi
619 3650 696 3702 poree
711 3650 797 3702 nupe-
885 3652 929 3687 ro.
952 3625 1065 3705 'Accepn
1088 3637 1130 3690 At.
1162 3658 1224 3693 meo
1252 3639 1353 3713 judicio

282 3709 798 3782 rumpentempeuloaupra'l'revirorum
839 3714 938 3766 motiue
951 3720 1094 3786 accipite·
1109 3718 1163 3770 Pro
1182 3720 1297 3776 Ullam
1310 3720 1353 3773 alii

283 3808 377 3861 agrum
386 3802 516 3844 structum
523 3810 587 3843 erae.
598 3790 798 3847 Cellariuaezia·
838 3793 944 3864 legauit,
960 3795 1002 3847 ubi
1015 3796 1105 3851 torm.
1117 3799 1190 3852 ltere
1207 3801 1312 3872 vulgata
1326 3818 1355 3852 te-

283 3870 388 3924 rimavit
410 3885 472 3923 eum
494 3871 522 3923 in
545 3870 679 3923 Ubiorum
698 3870 797 3928 finibus
839 3872 927 3927 babet.

283 3946 686 4022 eneltatloauattgoquidem
693 3950 796 4007 deloco
879 3953 944 4007 Car.
962 3954 997 4009 X.
1017 3974 1042 4010 1.
1056 3956 1121 4011 Sint.
1134 3959 1176 4011 Ita
1190 3958 1270 4015 codd.
1288 3960 1347 4030 aar.

195 4029 198 4034 ’
282 4030 379 4101 nuperi
393 4032 483 4101 pontia
495 4031 654 4103 conjecturis
666 4033 732 4085 meis
748 4033 796 4086 fir·
838 4034 916 4104 Angl.
931 4034 1030 4089 Eliens.
1047 4037 1173 4109 Bongara.
1188 4057 1216 4105 1,
1230 4039 1347 4094 vwian.

283 4110 362 4163 miter
370 4110 459 4163 hereo
470 4128 477 4164 ε
489 4109 553 4165 vid.
570 4129 629 4182 qtrae
643 4114 795 4168 notavium
838 4114 903 4184 neg.
916 4114 1008 4185 Stepb.
1021 4116 1096 4186 quod
1108 4130 1136 4171 et
1146 4120 1292 4189 elegantius
1307 4134 1347 4170 re·

283 4206 341 4263 cap.
360 4190 668 4261 1⁵‚1t,17,1it›n·1v.
839 4195 1345 4266 oeperuntctuketOudentatttm
