3000 5034
298 483 346 583 po
435 488 473 557 C
501 484 644 557 JULII
679 486 1222 557 C'AESARIS'COMMENT.

293 620 394 716 vulgo
416 647 518 717 regna
539 621 806 716 occupabantur,
824 622 880 714 qui
901 621 1010 689 minus
1031 619 1126 690 facile
1145 645 1220 689 eam
1240 644 1311 688 rem
1329 620 1364 689 in

275 728 431 823 ¹imperio
452 728 586 799 nostro⁷
596 729 752 821 consequi
772 740 935 821 poteraut

345 836 389 903 Π.
411 836 457 903 Iis
478 836 607 903 nunciis
629 834 809 927 litterisque
831 846 1018 903 commotus
1031 831 1144 903 Caesar
1163 832 1246 902 duas
1267 830 1366 962 legip-

292 964 351 1009 nes
365 942 399 1008 in
413 944 564 1010 citeriore
579 940 687 1010 Gallia
700 965 805 1009 novas
823 940 1038 1033 conscripsit;
1059 954 1094 1008 et
1114 940 1196 1010 inita
1216 938 1349 1008 aestate¹
1352 993 1362 1027 ,

291 1048 327 1113 in
360 1049 550 1117 interiorem
566 1046 736 1116 'Galliam
761 1048 818 1141 qui
841 1046 1019 1115 deduceret
1028 1046 1094 1135 ,Q.
1119 1030 1280 1114 Pedium³
1300 1047 1363 1113 Ie·

292 1166 407 1246 gatum
429 1156 525 1223 misit.
546 1158 643 1248 Ipse,
662 1178 765 1249 quum
786 1154 931 1248 primum
947 1150 1066 1247 pabuli
1093 1154 1190 1247 copia
1216 1176 1286 1220 esse
1313 1152 1363 1219 in-

292 1260 442 1353 ciperet,
470 1260 512 1329 ad
537 1262 718 1331 exercitum
745 1261 866 1348 venit;
891 1252 949 1328 dat
977 1260 1149 1353 negotium
1178 1256 1364 1327 Senonibus

290 1363 489 1460 reliquisque
511 1365 635 1456 Gallis,
654 1367 710 1461 qui
733 1366 863 1435 finitimi
883 1364 991 1460 Belgis
1018 1379 1130 1453 erant,
1145 1365 1194 1433 uti
1206 1388 1269 1452 ea,
1290 1388 1364 1458 quae

292 1471 382 1564 apud
403 1497 459 1541 eos
481 1488 660 1567 gerantur,
678 1486 898 1567 cognoscant;
916 1496 1015 1566 seque
1036 1470 1078 1539 de
1098 1471 1150 1539 his
1170 1470 1270 1538 rebus
1291 1495 1363 1539 cer·

291 1579 409 1646 tiorem
431 1579 561 1649 faciant
579 1582 623 1648 Hi
646 1594 837 1648 constanter
849 1602 965 1647 omnes
985 1578 1228 1644 nunciaverunt
1244 1600 1363 1645 manus

291 1686 384 1778 cogi,
399 1688 578 1755 exercitum
601 1688 634 1753 in
655 1710 761 1753 unum
788 1683 898 1752 locum
919 1681 1072 1752 conduci.
1092 1684 1178 1749 Turn
1198 1706 1280 1751 vero
1301 1682 1362 1751 du·

290 1788 463 1859 bitandum
484 1817 553 1859 non
572 1791 771 1858 existimavit
780 1790 886 1884 ,quin
901 1780 944 1857 ad
961 1813 1018 1857 eos
1033 1778 1252 1877 [duodecimo
1267 1775 1361 1878 diet]

330 1996 356 2067 7.
372 2000 402 2050 In
425 2002 522 2071 imperio
546 1998 804 2069 monimento
846 1996 1178 2069 quodmintellectum'
1169 1999 1362 2070 mgrstamlec·

287 2077 319 2131 P.
341 2079 474 2133 nummo..
490 2080 568 2135 Voss.
586 2078 804 2149 propositionem
845 2078 947 2131 tionem
958 2078 1027 2131 sorte
1040 2076 1157 2131 adduxit.
1171 2078 1281 2135 cesaris
1292 2079 1363 2132 cele-

288 2154 367 2211 delet.
380 2157 431 2215 Os.
447 2158 517 2211 Male
531 2171 558 2211 et
573 2170 665 2213 contra
678 2156 758 2209 codd.
846 2157 953 2210 ritatem
970 2169 997 2209 et
1014 2157 1114 2228 ingenii
1135 2158 1362 2229 perspicacitatem

328 2236 392 2290 Cer.
409 2234 445 2289 Π.
469 2257 493 2291 ι.
517 2237 584 2289 Inita
606 2249 697 2289 testate.
715 2235 801 2297 Codd.
846 2236 888 2289 his
902 2235 993 2290 laudat
1010 2236 1098 2290 verbis
1114 2238 1136 2290 le
1150 2236 1197 2287 due
1211 2236 1241 2287 de
1256 2236 1359 2301 liobam,

286 2315 414 2386 permulti
424 2315 608 2389 et'eddprisc.
621 2318 803 2383 imumtimm
845 2316 875 2368 ln
887 2333 968 2387 opens
980 2317 1024 2370 cui
1035 2316 1127 2374 titulus
1139 2311 1202 2379 (Bu
1209 2318 1308 2387 persenit
1316 2338 1362 2369 ea·

287 2410 365 2465 graec.
380 2396 494 2468 interpr.
511 2396 648 2467 ἁρχιμινιυ
666 2398 755 2467 θέρους.
767 2399 804 2451 At
839 2392 962 2466 pitsius).
974 2397 1067 2465 Iljaut
1080 2408 1148 2449 noter
1161 2400 1193 2453 ἱιί
1207 2398 1229 2447 le
1235 2399 1363 2467 jugement

286 2473 366 2528 lectio
378 2479 439 2530 inita
451 2477 561 2541 Caesaris
571 2476 640 2547 stylo
653 2494 802 2529 accommo·
845 2476 876 2526 de
892 2475 980 2538 Ce‘sar,
996 2479 1094 2549 quipar
1107 2496 1135 2527 sa
1150 2474 1267 2546 diligente
1295 2478 1361 2529 s’as·

287 2550 383 2608 datior.
405 2552 448 2609 Sic
468 2554 486 2609 l.
507 2574 563 2621 111,
584 2575 615 2627 7,
636 2559 697 2608 inita
718 2556 800 2609 bieme.
844 2573 901 2607 sura
916 2556 958 2607 des
970 2555 1140 2626 Μάκριν
1151 2574 1195 2607 son
1207 2555 1324 2608 industrie
1335 2570 1363 2608 et

287 2628 375 2689 Codd.
389 2636 476 2688 nostri
492 2639 594 2687 Ineunte.
842 2655 872 2685 sa
893 2636 1010 2697 damete.
1030 2637 1063 2691 let
1089 2638 1203 2687 aaran
1218 2634 1322 2705 fideles,
1335 2650 1362 2688 et

330 2732 354 2768 a.
364 2716 511 2769 Interiorem.
520 2714 649 2769 Nonnulli
658 2716 799 2768 ulteriorem.
836 2714 1360 2788 preparacontre·ceu.sdelleausais,perprle

287 2792 358 2845 Bene
365 2793 476 2849 interior
483 2794 580 2849 dicitur
589 2794 674 2847 Gallia
679 2808 802 2865 respectu
844 2798 1022 2865 tres-puimant,
1035 2814 1080 2846 une
1090 2793 1208 2847 diversior
1220 2799 1262 2868 qui
1272 2795 1361 2863 luisset

286 2870 416 2925 citerioris
433 2870 533 2926 Galliae.
547 2873 666 2925 Vocatur
681 2872 753 2925 enim
765 2878 802 2925 iu·
844 2875 969 2927 tres-urm.
985 2870 1026 2927 lta
1039 2890 1146 2946 quoque
1159 2874 1256 2945 'optimi
1271 2875 1358 2947 impe-

287 2954 377 3017 terr'us,
394 2950 423 3003 id
439 2968 518 3004 omne
532 2951 606 3023 quod
622 2953 655 3004 ab
669 2954 800 3007 extremis
839 2964 943 3007 ratores
957 2966 984 3006 et
998 2954 1161 3008 exercituum
1175 2953 1257 3008 duces
1271 2953 1300 3007 in
1313 2974 1357 3009 ce·

283 3029 383 3087 finibus
391 3043 551 3087 remoretur.
565 3032 628 3085 Non
640 3032 708 3085 mele
716 3052 798 3105 quoq.
840 3032 945 3087 leritate
954 3034 1073 3104 positum
1083 3034 1147 3087 belli
1156 3046 1281 3087 eventum
1293 3029 1356 3087 cen-

285 3110 433 3175 ulteriorem,
446 3123 477 3166 ut
487 3124 638 3185 opponatur
652 3112 778 3166 citeriori.
841 3118 963 3177 suerunt,
976 3111 1076 3165 bellum
1089 3113 1118 3165 in
1131 3112 1256 3167 hostilem
1268 3115 1356 3185 regio·

328 3190 354 3243 3.
362 3189 404 3283 .Q‘
418 3186 527 3244 Pedium.
550 3190 584 3255 Q.
600 3190 697 3243 Pedius
720 3192 800 3245 Juliae
840 3192 1053 3246 nemtranslerre
1062 3208 1119 3245 non
1128 3187 1297 3246 dubitantes.
1290 3194 1356 3248 ·bec

283 3270 383 3321 sororis
391 3268 456 3324 Caes.
466 3288 549 3342 nepos
560 3284 587 3323 et
597 3272 630 3323 ab
641 3288 673 3324 eo
685 3271 798 3343 scriptus
840 3273 941 3345 quippe
953 3272 1072 3337 ratione,
1084 3272 1135 3326 tria
1146 3272 1263 3328 exisumt
1279 3292 1355 3326 com·

282 3348 367 3403 heres
379 3350 482 3406 outnL
493 3351 685 3422 Pmmro,pmt
696 3352 799 3423 aliquot
839 3350 920 3405 moda
941 3354 1049 3411 maximi
1065 3352 1212 3424 ponderis.
1228 3372 1240 3405 1
1244 3342 1354 3407 ‘'hosti-

284 3446 367 3482 annos
381 3430 473 3483 consul
483 3449 545 3483 cum
555 3432 656 3485 Caesare
670 3430 797 3497 Octavio,
839 3431 892 3483 lem
908 3432 1055 3502 regionem,
1074 3431 1139 3488 dum
1153 3445 1267 3503 pareunt
1283 3452 1354 3498 sum,

283 3527 337 3579 quo
350 3509 495 3563 inhonore
510 3508 621 3565 decessit
639 3512 681 3563 vir
701 3511 796 3564 trium·
839 3524 938 3582 cogunt
946 3512 1069 3564 abmenta
1077 3512 1235 3564 exercitibus
1243 3523 1271 3566 et
1278 3530 1351 3564 com

281 3588 376 3657 phalis.
403 3586 489 3661 Hujus
512 3590 569 3661 lege
592 3588 709 3643 damuati
735 3604 797 3645 sunt
839 3603 940 3642 meatus
951 3579 1172 3681 suppedltare3⁰
1143 3609 1158 3642 ι
1179 3608 1275 3661 parum
1283 3590 1352 3644 lidos

283 3666 392 3721 Caesaris
406 3688 580 3741 percussores.
597 3670 668 3723 Gon.
838 3669 944 3722 virtutis
955 3687 1008 3721 suae
1023 3669 1149 3740 opinione
1161 3669 1257 3721 eximia
1271 3671 1301 3723 in
1314 3672 1352 3724 of·

322 3754 349 3809 4.
366 3749 514 3801 Duodecimn
535 3748 581 3803 die
608 3752 642 3803 In
643 3750 796 3830 plerisque
837 3747 900 3800 licio
909 3748 1025 3801 retinent
1034 3766 1135 3813 socios
1145 3738 1267 3803 3hostes
1278 3762 1351 3805 tante

280 3823 359 3880 codd.
367 3828 526 3883 absuntlraec
535 3831 630 3896 verba,
641 3848 700 3899 quae
709 3829 795 3899 reipsa
836 3828 943 3880 territos
956 3825 1064 3880 audacia
1075 3846 1109 3879 eo
1121 3826 1269 3894 adducunt,
1280 3842 1312 3883 ut
1320 3850 1350 3884 se

280 3906 794 4004 precipitiingenioCaesarisplanesunt
836 3868 1350 4001 ipsosdefendant,quodpessimi1mest

279 3987 419 4041 contraria.
432 3988 465 4040 In
480 4007 556 4060 graec.
573 3989 728 4059 interpres
744 3988 791 4040 τά·
835 3987 936 4059 populo
956 3986 1120 4055 cuilibet,
1092 3989 1145 4041 msi
1166 4001 1260 4042 natura
1278 3990 1349 4057 loci,

278 4085 355 4133 χιςιι,
370 4064 441 4121 unde
454 4068 600 4139 suspicatur
616 4065 789 4139 Oudendorp.
835 4079 881 4119 aut
898 4067 997 4120 civium
1013 4085 1142 4122 consensu
1152 4068 1286 4135 unanimi,
1299 4088 1348 4141 pa·

278 4146 359 4199 fuisse
382 4148 510 4218 scriptum
528 4152 607 4219 primo
629 4146 681 4209 die,
701 4146 730 4200 id
752 4158 791 4199 est
834 4147 924 4201 triteve
939 4165 1029 4201 amore
1041 4148 1140 4202 virium
1150 4150 1207 4220 ejus
1217 4149 1346 4221 multipli-

279 4228 543 4298 quamprimum,vel
548 4232 628 4299 primo
638 4246 728 4301 quoque
737 4227 787 4289 die,
833 4228 902 4281 catio
914 4228 975 4295 fist3
986 4227 1059 4300 quod
1069 4246 1160 4283 rtrum
1173 4239 1220 4281 est
