3000 5034
517 488 583 560 nr
610 442 821 558 cineis.
1129 488 1210 587 ⁴495

131 643 250 710 eorum
269 627 353 688 auro
367 616 600 714 coloribusque
613 621 799 713 variegatas
813 616 960 688 habeant
975 635 1093 691 vestes.
1110 624 1214 713 Quod

131 727 253 798 Strabo
275 725 386 814 addit,
410 724 463 795 καὶ
485 730 519 794 οὐ
546 719 703 820 νομίζεται
724 727 799 821 παρ’
827 729 932 806 αὐτοῖς
952 727 1077 821 αἰσχρὸν
1097 732 1135 798 τὸ
1157 743 1214 811 τῆς

132 836 233 928 ἀκμῆς
249 825 384 926 ἀφειδεῖν
404 833 477 911 τοὺς
494 834 594 918 νέους,
609 832 728 904 falsum
747 857 885 928 prorsus
899 849 967 922 est,
980 837 1044 904 nisi
1058 833 1215 930 loquatur

131 941 174 1010 de
193 937 299 1012 Gallis
317 937 592 1035 provincialibus,
606 941 677 1034 jam
695 963 837 1010 romano
857 943 1061 1013 commercio
1080 968 1216 1041 corrup

133 1050 176 1118 tis
193 1061 293 1141 atque
307 1046 516 1116 effeminatis.
532 1046 649 1120 Gallos
667 1070 878 1142 nequaquam
897 1073 933 1117 se
947 1047 1013 1119 hoc
1031 1051 1215 1127 vitioxcon·

133 1157 297 1224 taminare
310 1153 423 1224 solitos
436 1151 537 1224 fuisse
548 1179 655 1250 prope
670 1154 910 1226 affirmaverim
924 1180 933 1222 ε
945 1170 980 1225 et
990 1156 1215 1228 infirmissima

133 1275 354 1355 contortaque
377 1261 514 1330 omnino
533 1263 704 1350 estrati0,
723 1285 824 1356 qnam
844 1263 881 1331 in
900 1261 1048 1340 inedium
1067 1263 1216 1334 afferunt

134 1371 169 1438 in
187 1370 256 1438 suis
281 1369 369 1438 notis
390 1381 545 1438 auctores
567 1369 851 1464 interpretationis
869 1366 996 1462 galiicae
1023 1370 1216 1459 Strabonis,

135 1489 157 1546 t.
186 1498 231 1563 11,
257 1499 289 1569 p.
315 1470 375 1569 75.
404 1475 433 1544 Ii
463 1475 587 1570 quippe
614 1475 731 1545 dicunt
756 1501 765 1544 ε
791 1477 828 1544 Il
845 1491 900 1544 est
918 1478 1060 1563 ducah,
1086 1501 1218 1548 comme

134 1580 299 1652 l'observe
325 1579 532 1668 anarchon,
554 1582 600 1652 de
624 1582 785 1670 cbercker
808 1574 834 1650 ὰ
855 1581 1028 1652 absoudte
1045 1585 1095 1653 les
1116 1587 1217 1654 Gau·

135 1690 201 1759 lois
222 1688 266 1758 de
283 1703 372 1758 cette
397 1694 611 1758 accusation.
635 1691 742 1760 Outre
765 1713 833 1783 que
859 1688 1036 1777 Strabon‚
1062 1690 1219 1761 Diodore

135 1795 180 1866 de
200 1795 304 1868 Scene
324 1809 362 1864 ec
380 1786 540 1866 Attente
567 1820 611 1864 en
627 1795 798 1892 parient,
818 1797 979 1868 Aristote
993 1798 1078 1887 soit
1098 1798 1137 1867 la
1161 1822 1218 1868 re-

135 1925 280 1997 marque
292 1926 360 1997 que
373 1902 424 1970 les
435 1903 581 1999 peuples
598 1908 662 1997 qua'
675 1927 720 1972 ae
737 1907 961 1972 connacbsent
975 1903 1133 1973 d'autres
1148 1898 1218 1975 md·

135 2015 203 2080 tier
226 2033 293 2105 que
317 2009 407 2078 celui
429 2009 492 2078 des
517 2033 652 2097 mines,
687 2026 770 2080 sont
786 2001 911 2104 porte's
932 2002 958 2078 ὰ
986 2011 1138 2080 l'amour
1157 2012 1220 2082 des

123 2117 296 2209 feramen,
319 2140 365 2186 ou
385 2107 410 2182 ὰ
433 2116 471 2184 la
482 2106 694 2211 pc'de'rastie.
717 2118 774 2187 Oa
791 2122 958 2211 pourrait
980 2118 1163 2213 expleauer
1187 2120 1221 2188 le

132 2223 312 2320 penatum
332 2221 377 2292 de
404 2220 495 2292 'cena
514 2227 579 2316 qus·
595 2239 679 2292 sont
696 2216 823 2318 porte's
836 2220 959 2319 pastos
981 2217 1007 2292 ὰ
1029 2240 1118 2294 cette
1138 2225 1220 2294 der-

137 2325 231 2402 aare
242 2334 411 2426 passion,
429 2351 506 2425 par
525 2329 832 2400 l’asservnsemeat
840 2332 927 2424 plus
940 2355 987 2399 oa
1002 2336 1115 2400 moues
1133 2331 1217 2421 dra,

138 2433 185 2508 oia
204 2439 416 2528 bessemmes
434 2451 516 2506 sont
531 2427 681 2506 reduztes
700 2436 786 2507 ebes
798 2460 952 2532 presque
969 2452 1048 2506 tous
1066 2438 1117 2505 les
1126 2461 1222 2532 peu·

134 2546 214 2642 ples
243 2542 419 2614 barbares.
445 2545 507 2631 At,
532 2567 615 2636 pace
641 2543 834 2614 Casauboni
862 2558 897 2612 et
921 2543 1221 2612 eruditissimorum

141 2651 314 2722 Strabonis
334 2650 572 2744 interpretum,
591 2674 700 2746 pauca
722 2649 855 2720 lectoris
870 2648 997 2742 judicio
1018 2651 1219 2745 permittam.

140 2761 184 2830 Et
205 2760 352 2853 primum
373 2755 417 2826 de
436 2756 601 2828 Strabone
613 2757 692 2851 jam
717 2756 786 2826 dixi
806 2782 813 2824 :
834 2770 995 2851 praterea
1016 2758 1223 2828 contentioni

141 2865 287 2936 obnoxia
299 2879 349 2936 est
364 2865 436 2959 ipsa
452 2864 625 2936 Strabonis
639 2863 759 2953 lectio,
774 2878 809 2934 et
822 2865 944 2933 mento
955 2862 1222 2959 interpolationis

142 2987 314 3068 suspecta,
332 2986 473 3066 propter
490 2971 686 3043 cohaesionis
706 2971 876 3044 deiectum
894 2971 1077 3041 verborum
1097 2995 1222 3066 praeoe·

141 3079 292 3150 dentium
307 3092 341 3148 et
356 3100 459 3172 seqq,
470 3103 571 3173 quem
585 3078 1066 3174 tegere'frustrntentaverunt
1079 3082 1223 3174 Brequi·

140 3210 228 3284 gay,
240 3201 276 3268 et
287 3187 349 3280 ipsi
360 3185 558 3279 interpretes
569 3207 673 3279 supra
684 3186 869 3254 memorati
881 3187 936 3254 De
944 3184 1097 3254 Diodoro
1110 3185 1223 3255 Siculo

142 3295 223 3363 item
244 3319 251 3361 ε
271 3294 299 3362 is
317 3293 407 3362 enim
429 3317 470 3361 ex
488 3290 594 3362 Gallis
612 3315 696 3386 qnos
714 3291 799 3360 vidit
809 3305 886 3386 post
900 3293 1086 3380 Caesarem,
1102 3307 1137 3361 et
1151 3294 1223 3384 Ro·

145 3425 207 3470 mae
229 3397 353 3468 deliciis
367 3413 562 3494 corruptos,
580 3423 715 3468 ornnem
732 3413 866 3494 gentem
885 3398 1064 3467 aestimasse
1078 3397 1221 3468 videtur.

197 3506 392 3584 Athcnaeus,
416 3506 477 3574 etsi
498 3503 592 3574 aliter
613 3503 743 3600 placeat
765 3503 984 3591 Casaubono‚
1004 3505 1139 3574 minime
1159 3504 1224 3574 hac

144 3615 180 3682 in
207 3638 244 3682 re
270 3609 456 3682 credendus
481 3611 585 3702 foret3
613 3611 715 3680 veluti
741 3613 798 3708 qui
822 3613 864 3680 sit
892 3609 980 3679 mala
1010 3635 1070 3680 sua
1099 3611 1166 3680 fide
1192 3627 1226 3681 et

146 3719 292 3814 maligno
315 3719 475 3789 famosior
495 3720 629 3814 ingenio
652 3745 660 3787 ε
680 3733 715 3788 at
736 3721 759 3788 ii
782 3742 898 3788 omnes
919 3719 1029 3789 Graeci
1051 3733 1147 3805 sunt,
1169 3719 1228 3811 qui

148 3829 306 3898 Graecum
320 3843 469 3895 amorem
483 3827 607 3922 ubique
625 3824 749 3896 vident.
765 3823 951 3895 Aristotelis
963 3848 1045 3894 vero
1058 3826 1225 3893 sententia

148 3931 310 4028 generalis
327 3957 448 4028 parum
463 3932 545 4002 iacit
558 3933 605 4002 ad
614 3957 697 4003 rem.
710 3932 827 4021 Unde,
841 3948 876 4002 et
887 3957 913 4000 a
928 3957 996 4027 qno
1014 3931 1145 4019 didicit,
1157 3955 1229 4000 om·

148 4064 208 4110 nes
226 4038 369 4135 populos
388 4040 489 4108 ermis
504 4043 642 4110 onmino
657 4040 804 4130 deditos,
820 4039 863 4109 ad
881 4039 1126 4134 antiphysicum
1139 4063 1228 4108 arno

148 4171 426 4243 rem.proponsos
449 4144 551 4224 esse?
576 4149 622 4217 At
643 4148 785 4245 Scythas
808 4163 843 4218 et
865 4144 1149 4248 septemtrionales
1166 4162 1227 4241 po·
