3000 5034
310 473 379 542 nn
406 470 582 539 nunno
610 469 859 538 cinereo.
888 471 982 538 mn.
1010 472 1037 539 1.
1174 472 1222 572 37
1298 450 1300 456 ’

148 600 265 673 litteris
288 604 416 674 Graecis
442 600 602 671 confectae
627 615 661 669 et
684 600 728 669 ad
749 603 917 671 Caesarem
940 601 1051 671 relatae
1066 600 1090 691 ²,
1105 605 1226 697 quihus

148 713 183 778 in
211 709 333 779 tabulis
360 709 556 778 nominatim
583 709 667 775 ratio
698 707 850 777 confecta
879 722 966 795 erat,
984 711 1040 803 qui
1066 735 1227 779 numerus

149 815 250 886 domo
269 818 541 903 exisset'eorum,
553 816 610 908 qni
628 837 720 882 arma
741 814 828 883 ferre
850 830 986 909 possent
1001 841 1011 882 ι
1025 829 1059 902 et
1079 817 1158 885 item
1180 813 1250 885 sc-'

148 925 292 1016 paratim
315 923 428 1016 pueri,
440 945 556 1008 senes,
572 919 801 1014 mulieresque,
822 899 976 1009 Quarum
998 925 1148 990 omniurn
1174 948 1226 991 re·

147 1055 222 1097 rum
241 1013 391 1116 summa3
403 1042 491 1114 erat,
502 1029 651 1120 capitum
669 1026 898 1096 Helvetiorum
916 1027 1018 1096 millia
1032 1031 1225 1116 CCLXIII‚

118 1140 122 1148 “
147 1134 370 1230 Tulingorum
386 1133 487 1202 millia
504 1137 672 1220 XXXVI,
680 1135 937 1229 Latobrigorum
953 1137 1049 1222 XIV,
1060 1137 1230 1204 Rauraco-

148 1266 222 1310 rum
244 1243 389 1328 XXIH,
409 1241 567 1310 Boiorum
593 1242 758 1308 XXXII:
777 1265 818 1308 ex
844 1241 985 1336 hiquui
1016 1265 1108 1309 arma
1139 1243 1230 1311 ferre

147 1347 351 1441 possent‚ad
367 1344 470 1415 millia
483 1348 590 1414 XCII.
605 1349 744 1414 Summa
758 1348 908 1414 omnium
917 1346 1051 1416 fuerunt
1066 1348 1110 1416 ad
1124 1348 1229 1416 millia

148 1455 399 1523 CCCLXVIII.
422 1456 568 1540 Eorum,
587 1455 643 1545 qui
671 1452 812 1521 domum·
835 1452 1021 1541 redieruut,
1036 1479 1139 1523 censu
1164 1456 1228 1523 ha-

82 1561 84 1566 ’
147 1559 214 1628 bito
224 1547 251 1648 ⁴,
267 1574 306 1628 ut
326 1562 440 1628 Caesar
464 1561 702 1654 imperaverat,
718 1573 874 1654 repertus.
894 1575 945 1628 est
970 1584 1129 1628 numerus
1150 1560 1228 1629 mil·
1280 1586 1282 1596 ’

146 1664 224 1734 litun
243 1669 272 1734 C
288 1680 323 1734 et
337 1668 381 1734 X.

195 1775 311 1840 XXX.
322 1771 423 1840 'Bello
440 1769 670 1864 Helvetiorum
689 1770 861 1861 confecto,
874 1773 978 1841 totius
994 1771 1063 1860 fere
1073 1770 1197 1842 -Galliae
1212 1771 1222 1797 ¹

146 1876 261 1973 legati,
277 1861 446 1973 principes
468 1879 658 1966 civitatum,
674 1877 715 1957 ad
734 1880 900 1958 Caesarem
917 1877 1124 1982 =gratulatum
1142 1904 1225 1947 con-

16 2071 19 2082 ,
54 2074 57 2078 .
134 1993 334 2080 uenerunt:
359 1983 581 2078 «Intelligere
603 2009 693 2072 sese,
706 1987 856 2073 tametsi,
872 2011 934 2080 pro
952 1986 1119 2063 veteribus
1143 1984 1221 2071 Hel-

145 2094 312 2161 vetiorum
347 2091 473 2185 injuriis
503 2089 634 2186 populi·
648 2093 779 2162 romani
795 2090 818 2179 ²,
841 2093 884 2160 ab
912 2093 951 2160 iis
980 2116 1105 2185 poenas
1135 2091 1225 2161 bello
1256 2098 1260 2109 ‘

144 2329 214 2396 licis,
227 2342 293 2383 ante
312 2341 339 2382 et
353 2341 415 2401 post
429 2329 559 2383 Caesarem
578 2327 661 2392 cusis,
707 2339 789 2393 esset,
801 2346 927 2381 numeros
936 2329 1069 2398 quoslibet
1081 2330 1226 2381 exarabant

145 2409 511 2482 inscriptionesreperiuntur
520 2409 615 2460 litteris
627 2409 665 2460 la·
706 2407 734 2458 in
750 2406 829 2460 codd.
846 2409 915 2473 suis,
933 2407 1005 2460 unde
1020 2409 1132 2461 varietas
1154 2420 1224 2473 orta.

145 2490 204 2542 tinis
219 2502 343 2548 exaratae.
357 2488 429 2541 Vide
444 2507 523 2559 supra
537 2506 661 2539 nummos
706 2486 814 2538 Frustra
829 2488 856 2538 h.
873 2488 891 2538 l.
907 2488 1082 2540 Caesarianam
1095 2487 1232 2557 simplici·

145 2569 311 2640 Orgetorigis
338 2581 365 2620 et
387 2567 566 2636 Dubnorigis‚
590 2565 662 2619 unde
705 2577 787 2618 tatem
809 2577 836 2618 et
856 2565 938 2617 fidem
960 2567 1087 2636 objeceris
1108 2584 1114 2618 :
1135 2567 1223 2618 Caesar

144 2649 327 2702 characterum
344 2648 499 2700 Graecorum
513 2666 591 2700 usum
606 2665 661 2698 non
705 2645 857 2716 ipse-prope
867 2645 960 2698 similis
971 2645 1038 2698 mihi
1048 2644 1155 2698 videtur
1165 2645 1222 2698 istis

107 2733 109 2740 ’
143 2729 171 2781 in
197 2729 276 2782 omni
296 2728 383 2781 Gallia
408 2739 572 2780 constantem
596 2723 662 2778 adeo
704 2723 1222 2796 peregrinatoribus‚quidelonginquo
1293 2780 1295 2786 .

143 2810 221 2862 luisse
231 2807 350 2862 ridetur.
363 2805 464 2859 Eadem
473 2807 557 2858 fusius
568 2806 620 2859 Ob.
656 2855 659 2862 ,
704 2807 879 2857 mentiuntur.
891 2804 976 2876 Hujus
988 2804 1050 2859 fidei
1068 2805 1226 2878 Caesarianas

185 2909 210 2942 a.
226 2890 333 2942 Relatae.
350 2887 391 2938 Ita
410 2885 489 2939 codd.
505 2887 586 2956 vulgo
605 2907 662 2956 per·
704 2886 787 2938 multa
801 2886 898 2956 passim
913 2897 1053 2939 occurrent
1068 2885 1194 2956 exempla.

145 2970 208 3022 latoe.
225 2981 373 3038 utrumque
388 2968 464 3019 bene.
481 2967 604 3019 nonnulli
619 2967 661 3018 de·
747 2973 773 3028 4.
792 2966 872 3018 Cema
884 2967 973 3018 habito.
987 2960 1094 3018 Scilicet
1104 2966 1222 3038 capitum

146 3049 208 3101 latoe.
226 3047 321 3101 Nostri
336 3045 414 3100 codd.
432 3048 512 3117 Regg.
529 3046 620 3098 νείατα.
705 3046 877 3098 enumeratio.
903 3045 1001 3098 Differt
1020 3045 1069 3097 hic.
1091 3064 1185 3098 census
1206 3065 1222 3098 a

186 3129 211 3180 3.
224 3128 328 3181 Summa
341 3131 493 3178 omniunt...
507 3127 591 3178 millia.
604 3126 662 3179 Hoc
705 3144 786 3178 censu
800 3143 913 3177 romano
927 3144 975 3196 per
991 3125 1083 3178 classes
1098 3137 1126 3177 et
1138 3126 1221 3178 facul·

143 3209 201 3262 loco
224 3209 298 3260 inter
313 3225 341 3258 se
363 3205 493 3258 differunt
513 3206 661 3277 scriptores.
704 3215 779 3258 tates.

144 3287 280 3340 Plutarch.
295 3287 324 3338 iu
335 3286 406 3338 Caes.
425 3305 448 3339 c.
469 3287 512 3339 18.
530 3288 663 3356 τριάκοντα
747 3286 812 3338 Car.
823 3285 904 3336 XXX
917 3303 942 3337 1.
956 3286 1103 3352 Totiusfere
1120 3283 1220 3338 Gallice.

145 3365 270 3438 μυριάδας
283 3366 422 3420 Gallorum
433 3366 512 3418 fuisse
523 3364 603 3431 dicit3
614 3366 665 3417 Po·
707 3365 813 3417 Celticae
823 3363 879 3415 scil.
886 3382 948 3416 nam
956 3364 1041 3434 Belgae
1051 3364 1151 3416 bellum
1158 3375 1221 3417 tune

143 3446 245 3517 lyaenus
253 3447 283 3498 in
291 3457 397 3516 stratag.
409 3446 610 3512 v111,a3,6arl›
620 3465 664 3516 pu·
705 3443 834 3515 temporis
845 3444 982 3512 parabant.

144 3523 233 3597 pride<
244 3525 392 3580 Helvetior.
405 3526 549 3590 Strab.‚1'v,
561 3545 588 3596 p.
599 3525 664 3592 193,
750 3543 781 3576 2.·
790 3523 953 3574 Helvetiorum
967 3524 1061 3592 injuriis
1069 3523 1132 3593 Pop.
1149 3523 1225 3575 Rom.

145 3607 254 3676 periisse
276 3606 360 3658 refert
381 3605 519 3658 Gallorum
541 3607 664 3675 τετταρά·
707 3601 785 3655 Ordo
799 3614 826 3653 ct
841 3621 930 3654 sensus
944 3619 950 3653 :
964 3603 1031 3654 scire
1046 3603 1224 3673 se‚quamvis

145 3705 221 3738 κοντα
251 3682 394 3756 μυριάδας,
414 3685 528 3755 reliquos
554 3683 665 3738 domum
707 3684 795 3736 Cacsar
810 3681 921 3753 cepisset
935 3682 1094 3753 supplicium
1109 3680 1143 3734 de
1156 3682 1222 3734 Hel·

146 3764 263 3818 rediisse.
280 3765 365 3835 Cujus
378 3765 511 3817 varietatis
525 3783 603 3816 causa
616 3782 664 3835 pe·
706 3763 783 3815 retiis
797 3775 908 3834 propter
929 3763 1049 3833 antiquas
1062 3763 1172 3834 injurias
1186 3763 1221 3815 ab

146 3844 262 3898 tendas
283 3845 431 3898 scribarum
453 3843 602 3909 erroribus,
625 3843 665 3895 uti
707 3843 739 3895 iis
746 3843 962 3913 poptdoromano
969 3843 1106 3896 illatas.1ta
1113 3842 1222 3913 exponit

146 3924 322 3978 Casauhonus
336 3922 370 3976 ad
381 3924 537 3978 Strabonem
547 3923 664 3989 monuit,
707 3922 1013 3994 grsecusinterpreszssou
1025 3924 1075 4003 Ιτοῖς
1083 3913 1221 3988 Marion,

147 4015 173 4056 et
186 4023 230 4056 res
243 4004 302 4073 ipsa
315 4001 439 4056 declarat.
449 4003 492 4054 Ita
505 4004 560 4056 sere
573 4003 663 4056 Oberl.
708 3999 761 4056 ἀνθ’
769 3997 800 4054 ὧν
816 4004 845 4055 τὸ
861 4003 940 4055 πάλαι
955 4003 1010 4061 τοὺς
1023 4003 1148 4072 Populos<
1161 4002 1220 4054 lasi-

145 4083 242 4136 Malim
260 4103 292 4136 ex
314 4082 447 4136 historicis
468 4081 547 4152 ipsis,
562 4083 609 4153 qui
622 4082 665 4136 vel
708 4101 805 4145 κωσαν,
822 4088 861 4136 νῦν
878 4083 978 4151 πολέμῳ
996 4073 1067 4136 δίκην
1087 4083 1220 4142 inlucesce.

149 4162 369 4232 ignorantia,vel
379 4162 414 4214 de
424 4161 566 4229 industria,
576 4173 666 4234 prout
707 4161 779 4216 Male
795 4160 878 4232 igitur
892 4161 939 4231 qui
952 4161 1044 4231 legunt
1056 4163 1160 4232 populus
1179 4181 1220 4213 rc·

149 4241 183 4294 ad
197 4242 367 4314 hyperbolen
382 4243 494 4314 quisque
509 4243 665 4314 propensior
710 4260 811 4303 inertie,¹
824 4239 859 4294 ad
873 4259 936 4312 pop.
953 4259 1021 4294 rom.
1035 4259 1091 4294 non
1106 4240 1151 4296 ad·
1162 4243 1221 4296 Car·
