3000 5034
274 529 349 617 me
419 496 1215 598 c.snnrr‘onssnrs‘oonnsnr.

273 687 402 750 suesse,
419 660 645 756 superioribus
666 658 914 727 commentariis
931 655 1136 725 declaratum
1158 650 1249 747 est,)
1269 673 1353 727 stra·

273 784 463 838 mentorum
477 792 517 836 ac
531 764 774 860 virgultorum,
793 787 935 858 quorum
953 788 1083 832 summa
1097 767 1217 833 eratin
1234 768 1352 835 castris

273 875 390 969 copia,
416 900 477 970 per
504 897 623 942 manus
644 874 731 940 inter
754 894 788 940 se
817 871 975 958 traditos,
998 885 1075 940 ante
1111 874 1216 957 aciem
1249 871 1352 941 collo·

273 996 453 1069 caverunt,
474 996 689 1072 extremoque
703 993 855 1073 tempore
876 977 960 1064 diei,
976 978 1071 1077 signo
1092 978 1352 1072 pronunciato⁷,

272 1114 342 1157 uno
369 1102 520 1181 tempore
549 1086 779 1155 incenderunt.
806 1087 860 1153 Ita
883 1085 1057 1153 continens
1086 1084 1219 1156 flamma
1238 1088 1353 1179 copias

272 1219 389 1265 omnes
409 1207 584 1288 repentes
605 1207 787 1286 conspectu
808 1192 890 1259 texit
912 1192 1151 1260 Romanorum.
1169 1191 1272 1279 Quod
1295 1192 1352 1261 ubi

274 1286 434 1389 accidit⁸,
456 1300 589 1368 barbari
607 1299 898 1367 vehementissimo
918 1322 1018 1366 eursu
1040 1297 1208 1392 fugerunt.
1276 1338 1288 1347 -

327 1410 423 1476 XVI·
452 1409 582 1493 Caesar,
610 1408 671 1475 etsi
700 1404 882 1474 discessum
910 1404 1057 1473 hostium
1088 1404 1354 1474 animadvertere

274 1540 343 1582 non
356 1528 507 1608 poterat,
519 1512 678 1592 incendiis
693 1512 872 1607 oppositis;
886 1526 999 1580 tamen
1007 1510 1046 1602 ,id
1058 1512 1233 1581 consilium
1248 1537 1353 1607 quum

275 1622 362 1715 fngae
383 1644 484 1692 causa
510 1622 630 1688 initum
652 1621 890 1713 suspicaretur,
908 1616 1054 1712 legiones
1070 1633 1264 1712 promovet,
1286 1632 1355 1687 tur·

274 1752 346 1795 mas
358 1729 460 1796 mittit
474 1726 517 1794 ad
530 1725 771 1820 insequendum
787 1751 793 1793 :
811 1726 881 1819 ipse
899 1726 1024 1793 veritus
1037 1726 1191 1812 insidias,
1209 1750 1252 1793 ne
1267 1724 1354 1795 forte

275 1835 310 1902 in
332 1834 449 1902 eodem
478 1832 552 1902 loeo
582 1831 782 1901 subsistere¹
802 1832 927 1919 hostis,
947 1846 1046 1925 atque
1076 1830 1194 1901 elicere
1220 1846 1355 1902 nostros

276 1938 444 2009 inlocum
466 1953 645 2007 conaretur
664 1940 835 2032 iniquum,
853 1937 981 2007 tardius
1004 1939 1164 2033 procedit.
1194 1937 1353 2033 Equites²

275 2071 379 2140 quum
395 2048 520 2113 intrare
533 2030 684 2114 fumum³
698 2059 733 2112 et
749 2045 919 2113 flammam
938 2046 1165 2115 densissimam
1179 2046 1354 2134 timerent3

278 2176 336 2241 ac,
358 2154 384 2221 si
403 2153 460 2246 qui
477 2151 629 2245 cupidius
650 2151 873 2240 intraverant,
895 2154 951 2220 vix
978 2177 1115 2237 suorum
1136 2155 1199 2247 ipsi
1226 2154 1355 2247 priores

278 2274 390 2353 partes
409 2245 642 2327 adverterentl
658 2283 841 2353 equorum3
861 2260 995 2328 insidias
1016 2262 1130 2345 veriti,
1146 2258 1285 2327 liberam
1307 2260 1353 2328 fa·

281 2455 359 2495 torum
370 2464 401 2502 ac
409 2444 583 2515 virgultorum,
597 2455 641 2496 ete.
654 2443 700 2496 Nil
713 2442 795 2497 credo
839 2444 927 2496 simile
934 2444 989 2497 lere
995 2444 1034 2497 illi
1042 2464 1096 2516 quo
1108 2464 1171 2497 usus
1181 2456 1220 2497 est
1229 2443 1356 2507 Annibal,

280 2524 330 2576 bac
349 2524 569 2595 interpretatione
590 2522 715 2577 lucidius.
738 2524 795 2577 Nec
839 2536 870 2575 ut
883 2543 926 2590 se,
940 2524 968 2576 in
984 2525 1054 2577 bello
1068 2525 1186 2588 Punico,
1201 2544 1216 2577 e
1231 2525 1355 2576 manibus

281 2604 414 2656 monitum
420 2603 576 2669 Hirtii,rmm
587 2609 612 2656 in
624 2608 689 2666 acie,
700 2616 746 2656 ete.
756 2606 796 2656 in·
839 2603 914 2656 Fabii
934 2604 1006 2657 Max.
1029 2602 1166 2657 dictatoris
1185 2603 1354 2657 subduceret.

280 2685 382 2736 snlsurn
390 2697 444 2748 est,
454 2703 504 2737 nec
517 2684 650 2749 ebenum,
662 2683 703 2737 uti
717 2684 797 2737 Davi·
879 2685 944 2737 Cer.
957 2685 1033 2737 XVI.
1049 2684 1221 2737 1.Subsistere.
1233 2684 1355 2737 Davisius

281 2763 334 2829 sio,
348 2776 375 2815 et
388 2764 525 2816 nonnullis
536 2764 624 2817 visum
638 2775 693 2828 est,
707 2782 796 2835 neque
840 2782 871 2815 ex
886 2762 963 2816 codd.
982 2764 1089 2832 Norvic.
1107 2777 1133 2816 et
1148 2763 1213 2818 edit.
1230 2762 1355 2817 Beroaldi

283 2844 316 2896 ab
331 2844 423 2914 inepto
437 2844 540 2909 scriba,
557 2856 588 2895 nt
600 2844 690 2907 aiunt,
711 2843 795 2896 inter·
839 2844 959 2914 reposuit
978 2844 1128 2897 subtimeret.
1138 2836 1140 2843 ¹
1151 2844 1205 2896 Alii
1223 2857 1250 2896 et
1270 2844 1355 2897 nostri

281 2923 422 2994 polatum:
438 2942 501 2975 nam
516 2924 545 2974 in
559 2922 685 2974 omnbus
699 2921 795 2990 codd„
839 2922 918 2976 codd.
932 2924 1066 2976 subsistere.
1077 2925 1199 2977 Davisius
1210 2924 1356 2977 mutatleo·

282 3020 318 3054 ne
330 3019 385 3053 nno
401 3000 511 3072 quidem
525 3014 652 3073 excepto,
664 3003 739 3055 locus
754 3004 795 3055 in·
839 3003 955 3069 tionem,
968 3022 998 3057 ea
1008 3005 1063 3057 sola
1074 3003 1157 3057 fretus
1165 3005 1283 3071 ratione,
1293 3004 1355 3075 quia

282 3093 355 3152 teger
361 3093 388 3133 et
393 3081 564 3153 incorruptus
569 3082 796 3154 legiturtpessirne
839 3084 915 3135 nullo
928 3084 1048 3137 barbaris
1061 3102 1129 3156 opus
1142 3096 1199 3137 erat
1210 3097 1309 3138 conatu
1321 3081 1355 3136 ad

281 3161 364 3232 igitur
379 3160 523 3214 Oberlinus
536 3181 582 3215 sua
595 3163 751 3216 anctoritate
764 3164 797 3216 il-
840 3162 986 3217 tenendum
993 3164 1083 3217 locum
1088 3183 1169 3236 quem
1178 3176 1355 3235 occuparent,

282 3241 340 3294 lum
362 3260 376 3293 e
396 3260 444 3294 sua
464 3241 583 3294 editione
600 3242 700 3314 rejecit.
716 3243 796 3296 Hunc
840 3261 973 3315 quemque
994 3244 1108 3296 Romani
1127 3264 1161 3297 ne
1182 3245 1355 3297 tentavissent

281 3320 476 3375 restituendum
490 3321 648 3376 curavimus.
840 3322 956 3395 quidem.
962 3323 1224 3378 Infirmaadmodnm
1230 3324 1279 3377 ista
1286 3323 1354 3376 ratio

324 3421 351 3471 7.
362 3401 440 3470 Signo
446 3407 616 3472 pronunciata.
630 3401 752 3472 Intellige
761 3403 796 3455 si·
839 3401 955 3456 videtur.
972 3402 1059 3457 Codd.
1073 3404 1215 3457 lectionem
1230 3402 1334 3457 damus.

281 3500 365 3553 gnum
374 3500 423 3553 per
433 3495 558 3535 tesseram
566 3480 695 3535 dandum.
705 3484 796 3539 stitu-
883 3504 908 3536 s.
925 3485 1041 3556 Equites,
1058 3496 1102 3536 etc.
1121 3483 1184 3536 Haec
1202 3485 1311 3537 brevius
1328 3495 1354 3536 et

283 3580 383 3633 paseu
397 3558 574 3624 tessera(vide
587 3563 635 3615 lib.
650 3580 727 3625 11,c.
744 3582 796 3627 so,
840 3562 1009 3635 indiligenter
1027 3564 1145 3618 narravit
1157 3564 1209 3616 Dio
1220 3564 1293 3617 Cass.
1304 3582 1352 3628 xc,

283 3654 339 3694 not.
351 3638 454 3704 ildnci
464 3642 686 3695 forteGallorum
699 3642 796 3713 cuique
842 3650 887 3707 da.
905 3644 943 3697 Μ.

283 3720 796 3794 datafuerst,ut,si‹prandopronunciari
880 3722 908 3778 3.
923 3724 1034 3777 Fumum.
1051 3721 1138 3775 Codd.
1152 3724 1207 3775 fere
1219 3740 1313 3777 omnes
1327 3735 1354 3777 et

283 3820 341 3855 eam
348 3800 796 3867 audissent,incenderentsarmen-
839 3804 923 3857 nostri
932 3804 989 3855 RR.
1001 3822 1115 3855 summum
1119 3804 1215 3873 jugum.
1226 3803 1288 3855 Non
1299 3822 1354 3855 ma·

283 3895 326 3947 ta,
340 3894 368 3934 et
382 3882 470 3952 fugam
486 3893 666 3953 capesserent;
678 3879 750 3934 unde
762 3887 795 3934 si·
838 3884 865 3936 le
874 3895 958 3935 uerte.
971 3881 1180 3954 Oudendorpius
1192 3883 1236 3934 cni
1247 3902 1304 3935 non
1316 3901 1355 3935 ar·

280 3965 502 4032 gnopmnunciato.
511 3964 596 4014 Rarus
603 3960 732 4032 loquendi
737 3982 796 4014 mo·
838 3961 944 4016 ridebat
953 3962 1002 4015 ista
1010 3963 1090 4015 lectio
1097 4000 1106 4029 ,
1112 3962 1254 4034 proposuit
1256 3965 1353 4030 fismum

283 4041 343 4094 dus.
351 4041 460 4113 Alioqui
477 4045 573 4111 signum
585 4041 645 4093 dare
654 4042 796 4113 scriptores
834 4047 926 4114 jugem.
939 4042 1080 4113 Ingeniosa
1087 4040 1355 4113 estconjectnra,sed

283 4121 421 4192 plerique,
436 4134 463 4174 et
473 4122 530 4193 ipse
544 4122 632 4175 Cesar
646 4119 748 4176 dicunt.
839 4120 1159 4176 mrllaauctoritatecodd.
1168 4122 1356 4193 firmamque·

324 4202 351 4254 8.
362 4201 439 4270 Quod
450 4201 491 4253 ubi
502 4202 603 4263 accidit,
617 4202 712 4255 ete-Et
724 4201 797 4255 istud
839 4216 949 4275 propter
962 4204 1001 4254 nil
1011 4216 1095 4255 muto.

283 4294 438 4351 stratssema
452 4282 563 4335 minime
581 4282 726 4337 barbarum
740 4296 796 4348 est,
823 4326 826 4331 .
883 4289 910 4351 4.
926 4279 1360 4337 Adverterent.Nostri·codd.eni·
