3000 5034
256 483 329 551 ne
356 482 529 549 aeneo
557 466 804 552 eaturco.
833 485 928 553 tre.
957 488 999 555 v.
1101 512 1168 585 191

106 629 231 705 nuerat,
239 614 499 707 interfectusque
512 628 584 683 erat
598 638 618 681 a
631 613 882 684 Cassiuellauno
894 643 904 705 3
917 619 988 713 ipse
997 618 1077 714 litga
1085 648 1174 691 mor·

107 739 166 794 tem
182 713 507 814 vitaveratllegatos
530 720 572 789 ad
595 721 761 791 Caesarem
783 723 939 812 mittunt,
961 724 1175 819 pollicentur·

108 856 179 925 que,
196 853 267 899 sese
289 831 320 897 ci
344 826 514 897 dedituros
537 841 635 921 atque
659 830 823 923 imperata
846 830 1016 901 facturos:
1035 849 1177 928 petunt,

107 953 139 1006 ut
150 935 424 1005 Mandubratium
440 935 483 1003 ab
498 934 618 1026 injuria
637 934 876 1004 Cassivellauni
893 937 1177 1036 defendat,atque

107 1046 135 1111 in
158 1043 327 1111 civitatem
353 1043 487 1128 mittat,
517 1042 574 1135 qui
603 1044 716 1134 praesit
744 1044 986 1139 imperiumque
1017 1047 1174 1117 obtineat.

20 1164 21 1225 l
107 1152 157 1218 llis
170 1152 285 1218 Caesar
299 1149 442 1242 imperat
459 1146 590 1215 obsides
609 1150 691 1236 XL,
707 1149 978 1244 frumentumque
997 1156 1177 1243 exercitui,

20 1320 21 1347 ,
106 1255 438 1348 Mandubratiumque
467 1253 511 1322 ad
534 1277 591 1322 eos
618 1256 728 1324 mittit.
754 1254 809 1323 Illi
836 1257 999 1351 imperata
1026 1260 1177 1331 celeriter

107 1361 264 1449 fecerunt,
285 1360 418 1430 obsides
440 1358 483 1428 ad
501 1384 678 1429 numerum
699 1360 931 1457 frumentaque
951 1365 1122 1439 miserunt.

20 1464 22 1549 l
150 1471 245 1537 XXI.
260 1466 520 1536 Trinobantibus
546 1464 704 1554 defensis,
727 1481 835 1561 atque¹
849 1468 896 1536 ‘ab
921 1472 1013 1538 omni
1034 1471 1177 1542 militurn

20 1588 21 1669 ξ
107 1574 218 1667 injuria
238 1574 435 1679 ppobibitis,
450 1574 647 1667 Cenimagni
660 1571 682 1660 ¹,
697 1575 902 1667 segontiam,
920 1575 1108 1666 Ancalites,
1124 1582 1177 1647 Bi-

20 1688 21 1691 ’
107 1681 210 1770 broci,
234 1682 346 1769 Cassi,
364 1679 583 1774 legationibus
600 1680 708 1749 missis
729 1704 800 1749 sese
822 1681 947 1749 Caesari
966 1681 1102 1752 dedunt.
1125 1686 1178 1753 Ab

108 1787 151 1857 his
173 1788 368 1882 cognoscit,
389 1812 459 1855 non
485 1785 584 1880 longe
604 1812 645 1854 ex
670 1812 710 1854 eo
731 1785 808 1857 loco
829 1788 992 1882 oppidum
1014 1790 1178 1859 Cassivel-

107 1892 216 1963 launi²
240 1894 382 1982 abesse,
408 1892 497 1961 silvis
524 1891 766 1987 paludibusque
792 1896 981 1983 munitum,
1006 1920 1073 1989 quo
1101 1899 1179 1967 satis

108 2025 241 2095 nugnus
257 2002 432 2069 bominum
449 2001 644 2094 pecorisque
658 2023 818 2069 numerus
831 2004 1035 2096 convenerit.
1050 1994 1177 2099 (Oppi-

108 2106 181 2175 dum
200 2121 312 2177 autem
329 2108 480 2176 Britanni
499 2092 654 2195 vocant³,
667 2132 771 2201 quum
785 2106 884 2178 silvas
901 2110 1076 2203 impeditas
1091 2109 1180 2179 vallo

109 2228 200 2308 atque
222 2214 312 2284 fossa
331 2215 540 2301 munierunt,
562 2238 628 2307 quo
649 2215 848 2283 incursionis
867 2214 1014 2284 bostium
1035 2217 1181 2285 vitanda

109 2344 201 2390 causa
220 2322 400 2389 convenire
420 2312 656 2408 consuerunt.)
674 2322 725 2389 Eo
743 2319 966 2414 proficiscitur
982 2346 1059 2389 cum
1078 2321 1179 2417 legio·
1215 2400 1218 2404 ,

109 2427 221 2497 uibus:
245 2414 380 2496 locuml
402 2428 525 2522 reperit
543 2427 673 2520 egregie
695 2440 816 2495 natura
834 2440 933 2519 atque
952 2452 1053 2521 opere
1072 2431 1180 2498 muni-

109 2547 192 2623 tum3
210 2548 324 2603 tamen
344 2533 434 2601 hunc
453 2532 582 2601 duabus
599 2556 640 2599 ex
658 2532 809 2626 partibus
829 2556 1024 2627 oppugnare
1043 2548 1180 2602 conten·

110 2636 160 2708 dit.
182 2643 324 2728 Hostes,
341 2638 508 2735 paulisper
529 2640 669 2726 morati,
690 2636 832 2707 militum
858 2654 1050 2707 nostrorum
1076 2641 1180 2735 impc-

110 2759 175 2813 tum
189 2772 258 2817 non
278 2745 442 2832 tulerunt,
458 2769 593 2839 seseque
615 2744 730 2813 aliaex
750 2759 846 2839 parte
867 2745 982 2839 oppidi
1002 2747 1180 2839 ejecerunt.

111 2852 249 2947 Magnus
270 2853 315 2920 ibi
336 2876 493 2920 numerus
512 2852 642 2946 pecoris
666 2867 837 2946 repertus,
860 2850 1021 2946 multique
1047 2856 1081 2921 in
1103 2854 1182 2949 fuga

112 2973 183 3027 sunt
197 2958 428 3053 comprehensi
450 2973 548 3051 atquc
567 2957 740 3027 interfecti.
1260 2957 1262 2961 ⁴

113 3157 185 3211 minis
202 3172 287 3213 exstat
302 3158 444 3239 vestigium
459 3157 487 3209 in
501 3155 579 3211 codd.
592 3170 621 3211 ct
665 3158 853 3229 φράξαντιςγὰρ
864 3155 980 3231 diripiet
991 3159 1182 3234 resaisitupi·

113 3234 140 3287 in
152 3236 210 3291 edd.
231 3238 340 3311 priscie3
354 3237 400 3290 sed
421 3256 520 3309 gramm
540 3238 622 3289 habet
665 3240 1183 3308 νοις,ιύρυχωρῆκύᾳιλονμαὶαύτοὶὶνταῦθα

114 3303 285 3385 lperemeuoe.
308 3318 478 3389 Quapropter
504 3317 622 3369 retinen·
665 3314 1184 3391 καλυῧοποιοῦνται,καὶτὰΰοσκῆματακα-

115 3392 175 3449 dum
185 3412 223 3451 est
233 3399 286 3451 boc
295 3416 408 3463 nomem
417 3416 479 3450 cum
491 3397 623 3468 conjicere
665 3398 891 3467 τασταθμιὺουσιν,
906 3401 933 3451 οὐ
939 3401 998 3469 πρὸς
1004 3401 1079 3452 πολὺν
1089 3403 1182 3470 χρόνον.

114 3470 199 3543 liceat,
221 3480 394 3549 interpretem
416 3496 530 3548 graecum
554 3476 624 3527 anti·
666 3475 847 3546 -Oppidum
857 3478 908 3529 Usi
920 3480 1109 3531 suntBritanni
1117 3500 1182 3532 voce

117 3555 216 3623 quiores
245 3559 329 3611 libroe
359 3558 517 3629 inspexisse,
544 3574 624 3627 quam
667 3575 734 3617 caer,
753 3575 812 3627 quae
832 3557 914 3609 babet
932 3556 1049 3610 radicem
1069 3560 1182 3613 verbum

118 3650 179 3703 quos
192 3638 243 3709 ipsi
256 3636 383 3690 vidimus.
666 3635 804 3688 hebraeum
819 3638 911 3711 ΝἾΡ,
925 3636 999 3708 quod
1009 3658 1137 3691 convocare
1149 3640 1183 3693 si·

154 3716 216 3769 Cir.
236 3718 313 3770 XXI.
337 3736 362 3770 1.
384 3715 535 3787 Cenimagni.
553 3712 625 3768 Vide
668 3715 783 3785 gnificat.
807 3717 847 3767 Ita
867 3717 930 3769 Job.
961 3718 1096 3783 Clericus,
1121 3720 1180 3772 Art.

117 3792 173 3847 lud.
189 3816 277 3868 geogr.
669 3796 744 3861 crit,
758 3816 786 3867 p.
803 3791 924 3863 11,§11,
940 3816 963 3850 e.
978 3799 1003 3851 3.
1016 3799 1084 3851 Dav.

163 3895 187 3929 a.
211 3876 335 3947 Oppidum
350 3874 531 3929 Cassivellauni.
553 3874 625 3928 Beda
710 3884 737 3940 4.
752 3878 850 3928 lecum.
864 3878 905 3929 Ita
915 3876 995 3930 codd.
1010 3890 1040 3951 et
1052 3878 1183 3949 interpres

119 3950 183 4007 Hist.
191 3956 285 4027 angll.
295 3957 318 4021 Ι,
328 3954 624 4021 α,ί’ωεὶὂε11ιιιιιηνοοαῑ,
668 3974 768 4027 gratem
787 3970 813 4009 et
835 3958 935 4010 Celsus.
960 3956 1105 4010 Dorvilliue
1127 3977 1182 4010 non

158 4035 183 4088 3.
197 4036 319 4107 Oppidum
331 4042 428 4088 uocant.
443 4037 542 4089 Confer
553 4036 626 4087 bunc
669 4035 1184 4109 ineleganterlegitlucum.Facilisreipsa

119 4109 540 4187 locumcum‚strab0ne‚l.1v‚p.
555 4134 625 4168 ooo:
671 4117 1062 4189 uinomutatioest.Perperam
1067 4118 1185 4171 becom-

120 4192 197 4255 πολιις
211 4201 336 4267 Βρεταινῶν
351 4196 410 4250 siris
419 4198 440 4251 οἱ
451 4191 548 4268 dpupei·
560 4214 627 4265 περι·
671 4197 729 4262 nia,
738 4214 800 4247 nam
810 4198 895 4251 nostri
905 4195 984 4250 codd.
992 4198 1091 4250 habent
1099 4200 1185 4251 locum
