3000 5034
127 520 1200 554 mmmmmmmmmmmmmv.

130 723 412 820 recurro
444 721 723 812 necrom-
753 720 835 809 nr
866 651 1204 815 nannieno

569 952 608 1034 S.
635 951 677 1031 P.
707 951 758 1034 D.

345 1189 414 1297 N.
456 1187 518 1294 E.
562 1183 973 1294 LEMAIRE.
1052 1171 1055 1179 ’

463 1438 860 1474 ...ἀρφ-...-

137 1603 295 1738 Effusis,
317 1671 356 1720 ut
375 1677 434 1742 par
452 1669 521 1740 erat
532 1669 578 1734 ‚et
598 1669 763 1742 quantum
782 1652 892 1736 licuit,
913 1652 1015 1720 animi
1034 1655 1216 1744 gratissimi·

136 1770 277 1834 sensibus
297 1792 373 1858 erga
391 1770 555 1858 optimum
578 1769 715 1858 Regem,
730 1769 804 1856 qui,
822 1790 884 1855 pro
902 1769 1018 1834 suo'in
1035 1769 1158 1836 litteras
1178 1787 1211 1836 et

135 1871 215 1940 viros
235 1874 394 1956 litteratos
413 1897 539 1956 amore,
555 1873 692 1940 consilio
711 1889 826 1956 nostro
843 1873 1009 1963 benignus
1027 1876 1149 1959 arrisit;
1161 1872 1211 1961 et,

136 1982 221 2069 quod
240 1999 308 2046 erat
326 1983 361 2045 in
375 1983 460 2046 votis
474 1981 698 2070 potissimum,
714 2004 797 2069 opus
816 1980 907 2046 haud
925 1980 1101 2072 indignum
1119 2005 1218 2072 repu⁴

136 2090 226 2171 tavit,
246 2087 344 2177 quod·
364 2088 618 2154 sacratissimum
643 2088 805 2152 Lunovtct
830 2109 952 2151 nomen
978 2087 1041 2152 sibi
1065 2085 1214 2177 prescri-

137 2193 237 2278 beret3
257 2196 322 2264 hoc
335 2217 442 2264 unum
459 2208 642 2282 supererat,
657 2194 784 2275 uthie,
799 2193 841 2258 ad
859 2194 1086 2282 'exponendam
1110 2194 1213 2261 totius

138 2301 277 2372 instituti
293 2300 471 2383 rationem,
489 2321 593 2388 pauca
610 2299 839 2386 praeferemur,
857 2299 980 2386 quibus
998 2299 1080 2387 quid
1098 2301 1214 2366 feceri·

139 2429 207 2476 mus
224 2405 374 2488 judicent
392 2407 567 2495 aequiores,
590 2407 648 2492 qui
666 2405 783 2468 melius
808 2405 1040 2488 intellexerint,
1060 2405 1141 2497 quid
1164 2408 1214 2470 fa·

138 2513 401 2594 ciendumnobis
418 2512 616 2594 jamdudum
635 2511 917 2600 proposuerimus,
1015 2541 1019 2553 ·

177 2622 240 2688 Vix
251 2623 286 2685 in
297 2621 468 2709 publicum
483 2621 601 2687 emisso
613 2619 788 2707 scriptores
799 2619 919 2686 latinos
931 2617 1050 2683 edendi
1062 2620 1214 2703 consilio,

138 2728 231 2791 multi
248 2727 429 2793 doluerunt
448 2727 615 2793 exanimo
640 2723 866 2794 conditionem
885 2729 1046 2806 nostram,
1065 2726 1124 2812 qui
1147 2742 1220 2790 tam·

138 2855 232 2922 grave
249 2833 334 2901 tanti
352 2833 458 2920 operis
478 2855 563 2900 onus
587 2830 767 2919 imparibus
785 2830 932 2895 humeris
949 2832 1220 2919 suscepissemus:

140 2937 201 3001 Sed
214 2954 355 3027 augusto
374 2937 556 3026 patrocinio
569 2937 661 3018 freti,
673 2937 871 3026 collegarum
885 2945 917 3000 et
930 2936 1148 3003 litteratorum
1166 2938 1223 3002 vi··

140 3066 268 3126 rorum,
286 3045 345 3132 qui
374 3067 408 3108 se
433 3044 538 3108 socios
564 3044 652 3118 ultro
675 3043 877 3124 obtulerant,
893 3044 1061 3130 promissis
1077 3043 1217 3122 confisi,

139 3151 316 3215 faventium
338 3168 453 3216 nostro
475 3150 580 3214 labori
597 3150 719 3214 civium
745 3149 863 3214 studiis
880 3148 1001 3232 adjuti,
1020 3151 1139 3239 opibus
1158 3149 1218 3216 de·

141 3257 239 3345 nique
257 3258 440 3332 sustentati,
456 3279 536 3344 quas
553 3257 640 3345 large
658 3254 770 3319 fundit
786 3278 854 3318 non
870 3256 981 3322 minus
991 3257 1106 3345 litteris
1117 3281 1217 3344 quam

140 3365 247 3451 patriae
260 3387 332 3427 cara
350 3381 384 3427 et
402 3363 580 3428 inserviens
600 3361 796 3450 manus(1),
812 3384 874 3426 nos
886 3363 1014 3426 fortiter
1025 3379 1057 3426 et
1070 3364 1217 3428 animose

141 3469 179 3533 ad
194 3493 279 3558 opus
293 3469 518 3538 inchoandum
530 3468 740 3534 accinximus.
758 3468 827 3530 Nec
841 3467 960 3560 auxilia
974 3468 1147 3547 cujuslibet
1160 3493 1217 3559 ge·

141 3576 223 3644 neris
235 3576 380 3643 deerant.
394 3577 542 3642 Primum
555 3590 714 3644 nostrates
727 3573 972 3655 advocavimus,
984 3574 1188 3663 quicumque
1197 3599 1218 3640 a
1286 3663 1288 3669 Ι

139 3683 256 3769 primis„
269 3683 510 3752 renascentium
529 3671 710 3752 litterarum
726 3681 930 3768 temporibus
948 3703 1054 3767 usque
1072 3681 1114 3749 ad
1132 3683 1219 3752 hanc

142 3805 280 3872 aetatem,
301 3789 334 3852 in
355 3805 446 3852 tanta
463 3805 609 3852 veterum
624 3788 832 3876 ingeniorum
850 3787 939 3869 luce,
957 3786 1127 3854 sedetiam
1144 3805 1217 3852 tum
1284 3803 1286 3809 “

142 3892 238 3961 dubia
258 3911 290 3958 et
314 3894 407 3981 quasi
432 3895 587 3983 maligna,
607 3917 725 3970 novam
751 3894 858 3959 lucem
883 3891 1051 3982 diligentia
1074 3910 1107 3958 et
1131 3895 1218 3960 curis

180 4153 210 4220 (ι
221 4157 270 4225 ll.
286 4160 440 4227 Lnttm,
455 4159 586 4231 hacquier
595 4172 622 4212 et
635 4159 734 4231 deputd
744 4157 778 4221 de
790 4159 872 4220 Paris,

984 4264 1031 4336 B.
