3000 5034
266 455 339 524 'DE
366 454 542 524 BELLO
569 452 823 522 GALLICO.
848 453 948 522 ΜΒ.
976 451 1003 518 Ι.
1130 446 1177 520 25

106 570 209 682 pere⁸
235 586 395 656 Helvetiis
420 599 564 682 propter
590 609 664 657 eam
695 584 891 655 affinitatem
904 609 921 654 Χε
943 583 1052 652 odisse
1081 583 1181 650 etiam
1211 658 1216 664 ,
1305 605 1310 613 ’

107 717 163 760 suo
186 696 323 762 nomine
346 696 513 766 Caesarem
529 707 569 762 -et
590 695 779 779 Romanos,
790 691 881 785 quod
898 715 1014 758 eorum
1029 688 1183 758 :aduentu

107 803 252 892 potentia
272 801 343 892 ejus
362 799 532 868 deminuta
540 797 566 886 ⁹,
582 813 616 866 et
634 799 819 868 Divitiacus
837 798 940 866 frater
957 798 993 864 in
1011 796 1203 888 antiquum

107 901 215 972 locum
237 908 353 1000 gratiae
373 921 471 1000 atque
492 906 628 974 honoris
645 907 687 974 sit
706 907 886 974 restitutus.
909 905 944 972 Si
962 902 1043 997 quid
1057 900 1185 970 accidat

109 1011 285 1099 Romanis,
299 1037 463 1081 summam
482 1013 516 1080 iu
535 1035 628 1106 spem
647 1013 740 1106 regni
756 1035 817 1105 per
828 1009 998 1081 Helvetios
1014 1007 1202 1078 obtinendi.

15 1163 16 1198 3
110 1120 241 1205 venirc;
266 1120 407 1213 imperio
436 1117 552 1212 populi
578 1119 707 1186 romani
722 1115 745 1140 ¹⁰
769 1143 840 1185 non
865 1115 967 1185 modo
992 1115 1033 1184 de
1052 1139 1186 1208 regno,

111 1223 163 1300 sed
191 1225 294 1292 ctiam
319 1224 362 1302 de
386 1249 445 1312 ea,
459 1248 559 1318 quam
583 1224 722 1312 habeat,
736 1225 843 1317 gratia
867 1217 1052 1317 desperare.
1074 1237 1092 1272 ³>
1120 1224 1202 1290 Re·-

111 1330 257 1422 periebat
288 1332 388 1398 etiam
418 1333 453 1398 iu
481 1329 697 1424 quaerend0¹¹
723 1332 856 1416 Caesar,
875 1358 894 1394 (ι
921 1328 1012 1424 quod
1036 1326 1187 1422 praelium

112 1434 285 1552 cquestrc¹
289 1433 502 1506 ¹aduersum
533 1437 647 1532 paucis
675 1449 751 1504 ante
780 1383 896 1504 dielius
926 1449 1012 1504 esset
1041 1434 1187 1521 iactmn,

112 1541 237 1608 initium
259 1542 331 1634 ejus
351 1542 438 1636 fugae
461 1542 586 1627 factum
608 1568 628 1611 a
649 1543 859 1636 Dumnorige
879 1556 978 1635 atque
998 1540 1088 1633 ejus
1096 1542 1186 1634 equi·

114 1647 194 1716 tibus
212 1639 316 1736 (nam
332 1647 498 1743 equitatu,
511 1674 610 1744 quem
628 1648 749 1718 auxilio
765 1650 889 1717 Caesari
902 1647 1001 1718 AEdui
1014 1649 1187 1733 miserant,

113 1755 299 1823 Dumnorix
317 1752 495 1848 praeerat),
510 1780 627 1832 eorum
647 1755 727 1850 fuga
745 1753 1188 1850 reliquumesseequitatum

114 1863 333 1952 perterritum.
357 1877 374 1912 ³)

159 1970 257 2035 XIX.
281 1967 413 2056 Quibus
431 1968 530 2038 rebus
552 1970 711 2064 cognitis,
726 1993 830 2062 quum
852 1968 895 2036 ad
909 1969 970 2038 has
985 1969 1189 2062 suspiciones

115 2074 302 2142 certissimae
331 2099 383 2144 res
412 2074 627 2164 accederent,
641 2075 732 2170 quod
760 2076 931 2169 pertines
957 2077 1188 2169 Sequanorum

113 2177 280 2250 Helvetios
310 2180 539 2250 traduxisset¹
547 2182 669 2301 ,quod
696 2181 828 2251 obsides
852 2183 944 2254 iuter
976 2206 1033 2250 eos
1061 2181 1212 2253 dandos.

113 2302 259 2362 curasset
266 2285 381 2380 ,quod
402 2311 441 2356 ea
463 2290 575 2362 omnia
595 2314 665 2358 non
685 2288 818 2356 modo
809 2289 935 2385 injussu
954 2314 1014 2357 suo
1028 2286 1092 2377 ²ct
1108 2289 1187 2356 civi-

113 2394 203 2480 tatis,
217 2393 278 2462 sed
307 2395 406 2462 etiam
434 2395 686 2470 inscientibus
677 2397 757 2490 ipsis
768 2379 942 2482 ³fecisset,
957 2394 1050 2488 quod
1070 2419 1091 2462 a
1118 2419 1189 2462 ma·

113 2499 251 2590 gistratu
272 2499 458 2570 AEduorum
479 2515 711 2572 accusaretur:
727 2502 807 2574 satis
828 2525 899 2569 esse
921 2525 1027 2570 causae
1049 2500 1189 2568 arbitra-

111 2602 218 2693 batur,
238 2629 342 2700 quare
363 2609 398 2674 in
413 2632 491 2676 eum
516 2623 574 2698 aut
594 2610 664 2702 ipse
690 2606 1059 2695 animadverteret,‚aut
1073 2607 1189 2677 civita·

111 2723 174 2779 tem
197 2713 465 2782 animadvertere
482 2714 624 2806 juberet.
644 2716 705 2790 His
726 2714 882 2783 omnibus
897 2714 997 2783 rebus
1014 2738 1119 2781 unum
1137 2737 1189 2783 re·

111 2818 304 2910 pugnabat,
324 2819 416 2912 quod
443 2822 601 2889 Divitiaci
629 2820 739 2890 fratris
768 2845 936 2889 summum
963 2822 998 2887 iu
1027 2819 1188 2957 populum

111 2947 286 2992 romanum
315 2925 480 3013 studium,
503 2951 667 2996 summam
695 2929 730 2996 in
759 2953 794 2996 se
822 2913 1058 2996 voluntatem¹
1060 2951 1188 3021 ,-egre

112 3031 196 3122 giam
227 3029 374 3120 fidem,
361 3035 541 3123 Justitiam,
556 3037 811 3136 temperantiam
840 3048 1072 3128 cognoverat:
1093 3058 1189 3120 nam,

146 3231 174 3282 8.
199 3229 302 3300 Cupere.
309 3231 383 3282 Bene
389 3231 471 3298 velle,
482 3233 572 3300 enati,
583 3251 629 3284 vo·
713 3233 893 3300 .1‚a.‚Proelium
904 3245 1022 3304 equestre,
1034 3246 1079 3286 etc.
1093 3233 1189 3286 Sensus

109 3306 193 3362 luntas
211 3328 265 3380 pro
283 3310 477 3362 benevolentia.
500 3311 630 3366 Hellenis·
674 3323 727 3384 est:
740 3311 813 3383 quod
824 3313 853 3364 in
865 3313 957 3382 praelio
967 3313 1084 3382 equestri
1094 3311 1189 3364 adver·
1221 3333 1224 3340 ·

110 3405 179 3455 mus,
191 3400 225 3440 ut
239 3389 390 3442 observavit
404 3389 438 3442 N.
453 3390 582 3462 Rigaltius
595 3390 629 3448 ad
674 3410 742 3444 so....
750 3391 949 3457 facto,initium
959 3392 1040 3462 fugat,
1050 3405 1100 3444 etc.
1112 3391 1190 3462 Opti-

109 3465 221 3522 Minucii
227 3468 630 3538 FelicisOctavium,ubieadem
674 3489 718 3523 me
732 3488 807 3541 graec.
821 3473 844 3522 ἐν
860 3476 892 3538 τῇ
905 3472 1068 3541 γιγιννημένῃ
1081 3471 1157 3541 aitte.

110 3548 226 3600 occurrit
242 3547 352 3600 locutio.
367 3550 435 3602 Dur.
716 3550 781 3602 Cer.
791 3550 867 3602 XIX.
887 3568 911 3602 1.
930 3550 1006 3620 Quod
1008 3570 1054 3621 per
1063 3549 1128 3620 fines
1146 3549 1190 3604 Sc

147 3645 175 3695 9.
190 3629 336 3680 Dominuta.
355 3626 424 3680 Cod·
441 3629 473 3682 R.
493 3629 568 3698 5783
589 3631 627 3682 dt·
673 3628 929 3702 quanorwn,etc.1d
946 3642 998 3698 cst,
1014 3629 1088 3702 quod
1104 3631 1189 3702 impe·

110 3709 262 3760 minueretur.
279 3704 347 3760 Cod.
365 3707 441 3778 5770
457 3709 586 3764 deminuta.
673 3721 766 3762 trasset
780 3711 943 3773 Dumnorix,
958 3723 989 3763 ut
1003 3729 1052 3782 per
1064 3711 1130 3764 fines
1142 3711 1189 3764 Se·
1237 3708 1242 3714 ’

150 3804 195 3838 10.
207 3787 314 3856 Inqmio
321 3787 414 3857 Populi
418 3788 528 3840 Romani.
535 3787 569 3842 Id
576 3801 628 3854 est,
673 3808 824 3860 quanorum
837 3789 953 3842 Helvetii
965 3791 1115 3844 transirent.

108 3863 260 3935 imperante
273 3866 376 3938 populo
391 3885 510 3922 romano.
715 3887 740 3921 a.
762 3870 858 3939 Iujussu
867 3890 919 3922 suo.
931 3870 998 3938 Suo,
1007 3871 1062 3928 scil.
1071 3871 1188 3925 Caesaris.

149 3963 195 3998 11.
219 3945 253 3997 In
268 3945 405 4016 quaerendo.
421 3948 462 4000 Al.
479 3948 627 4020 inquirendo.
714 3949 740 4005 3.
762 3950 919 4002 Inscientt'bus
933 3950 1071 4020 J'osn.Scil.
1085 3946 1209 4012 AEdui'sf

108 4023 154 4076 Gr.
175 4025 292 4096 interpr.
313 4027 439 4096 κατέμαθε
458 4021 489 4080 tt
505 4027 547 4079 καὶ
568 4033 628 4100 πρὸς
714 4035 741 4092 4.
762 4028 884 4082 Summam
895 4034 921 4080 in
932 4049 957 4080 se
971 4031 1189 4085 volantatemfle·

107 4105 203 4166 τούτοις
220 4105 234 4156 ὅ
254 4107 366 4176 Καῖσαρ.
384 4105 475 4160 Nostri
497 4105 575 4164 codd.
593 4113 629 4162 iu·
672 4109 852 4160 nevoleutiam
865 4121 910 4161 aut
920 4107 1116 4164 amoremVid.
1125 4111 1187 4181 Ter,

108 4183 236 4253 parendo,
254 4181 331 4262 quod
344 4185 514 4264 praetulerim·
674 4187 1187 4260 Phomrm1.v.30,etitiponatum
1258 4184 1260 4187 ¹
