<?xml version="1.0" encoding="UTF-8"?>
<!DOCTYPE html PUBLIC "-//W3C//DTD XHTML 1.0 Transitional//EN"
    "http://www.w3.org/TR/xhtml1/DTD/xhtml1-transitional.dtd">
<html xmlns="http://www.w3.org/1999/xhtml" xml:lang="en" lang="en">
 <head>
  <title>
</title>
<meta http-equiv="Content-Type" content="text/html;charset=utf-8" />
  <meta name='ocr-system' content='tesseract 3.04.00' />
  <meta name='ocr-capabilities' content='ocr_page ocr_carea ocr_par ocr_line ocrx_word'/>
</head>
<body>
  <div class='ocr_page' id='page_1' title='image "./caiusjuliuscsar00caesgoog_0092.png"; bbox 0 0 3000 5034; ppageno 0'>
   <div class='ocr_carea' id='block_1_1' title="bbox 293 451 1197 556">
    <p class='ocr_par' dir='ltr' id='par_1_1' title="bbox 293 451 1197 556">
     <span class='ocr_line' id='line_1_1' title="bbox 293 451 1197 556; baseline 0.004 -29"><span class='ocrx_word' id='word_1_1' title='bbox 293 455 368 527; x_wconf 82' lang='lat' dir='ltr'><strong>un</strong></span> <span class='ocrx_word' id='word_1_2' title='bbox 396 451 569 526; x_wconf 77' lang='lat' dir='ltr'><strong>nunno</strong></span> <span class='ocrx_word' id='word_1_3' title='bbox 597 455 847 526; x_wconf 71' lang='lat' dir='ltr'><strong>esterno.</strong></span> <span class='ocrx_word' id='word_1_4' title='bbox 877 457 971 528; x_wconf 79' lang='lat' dir='ltr'><strong>Lm.</strong></span> <span class='ocrx_word' id='word_1_5' title='bbox 999 460 1027 526; x_wconf 91' lang='lat'><strong>1.</strong></span> <span class='ocrx_word' id='word_1_6' title='bbox 1152 457 1197 556; x_wconf 79' lang='lat'><strong>57</strong></span> 
     </span>
    </p>
   </div>
   <div class='ocr_carea' id='block_1_2' title="bbox 18 587 1253 2497">
    <p class='ocr_par' dir='ltr' id='par_1_2' title="bbox 18 587 1199 684">
     <span class='ocr_line' id='line_1_2' title="bbox 18 587 1199 684; baseline 0.003 -24"><span class='ocrx_word' id='word_1_7' title='bbox 18 603 23 682; x_wconf 60' lang='lat' dir='ltr'><strong><em>J</em></strong></span> <span class='ocrx_word' id='word_1_8' title='bbox 123 588 333 679; x_wconf 82' lang='lat' dir='ltr'>decessisset,</span> <span class='ocrx_word' id='word_1_9' title='bbox 350 613 390 659; x_wconf 84' lang='lat' dir='ltr'><strong>ac</strong></span> <span class='ocrx_word' id='word_1_10' title='bbox 412 588 549 658; x_wconf 82' lang='lat' dir='ltr'><strong>liberam</strong></span> <span class='ocrx_word' id='word_1_11' title='bbox 568 588 629 658; x_wconf 91' lang='lat' dir='ltr'><strong>sibi</strong></span> <span class='ocrx_word' id='word_1_12' title='bbox 651 591 893 684; x_wconf 83' lang='lat' dir='ltr'><strong>possessionem</strong></span> <span class='ocrx_word' id='word_1_13' title='bbox 909 587 1027 660; x_wconf 67' lang='lat' dir='ltr'><strong>Galliae</strong></span> <span class='ocrx_word' id='word_1_14' title='bbox 1047 588 1199 662; x_wconf 85' lang='lat' dir='ltr'><strong>tradidis-</strong></span> 
     </span>
    </p>

    <p class='ocr_par' dir='ltr' id='par_1_3' title="bbox 18 694 1203 791">
     <span class='ocr_line' id='line_1_3' title="bbox 18 694 1203 791; baseline 0.001 -24"><span class='ocrx_word' id='word_1_15' title='bbox 18 697 19 714; x_wconf 70' lang='grc'>’</span> <span class='ocrx_word' id='word_1_16' title='bbox 123 712 185 786; x_wconf 88' lang='lat' dir='ltr'><strong>set,</strong></span> <span class='ocrx_word' id='word_1_17' title='bbox 195 720 324 790; x_wconf 80' lang='lat' dir='ltr'><strong>magno</strong></span> <span class='ocrx_word' id='word_1_18' title='bbox 342 721 377 766; x_wconf 88' lang='lat' dir='ltr'><strong>se</strong></span> <span class='ocrx_word' id='word_1_19' title='bbox 392 694 637 790; x_wconf 87' lang='lat' dir='ltr'><strong>illumpraemio</strong></span> <span class='ocrx_word' id='word_1_20' title='bbox 653 710 961 784; x_wconf 86' lang='lat' dir='ltr'><strong>remuneraturum;</strong></span> <span class='ocrx_word' id='word_1_21' title='bbox 971 711 1023 784; x_wconf 87' lang='lat' dir='ltr'><strong>et,</strong></span> <span class='ocrx_word' id='word_1_22' title='bbox 1038 721 1203 791; x_wconf 72' lang='lat' dir='ltr'><strong>quercum·</strong></span> 
     </span>
    </p>

    <p class='ocr_par' dir='ltr' id='par_1_4' title="bbox 122 800 1253 990">
     <span class='ocr_line' id='line_1_4' title="bbox 122 800 1198 905; baseline 0.002 -33"><span class='ocrx_word' id='word_1_23' title='bbox 122 829 181 898; x_wconf 88' lang='lat' dir='ltr'><strong>que</strong></span> <span class='ocrx_word' id='word_1_24' title='bbox 196 802 287 873; x_wconf 87' lang='lat' dir='ltr'><strong>bella</strong></span> <span class='ocrx_word' id='word_1_25' title='bbox 310 806 380 898; x_wconf 91' lang='lat' dir='ltr'><strong>geri</strong></span> <span class='ocrx_word' id='word_1_26' title='bbox 398 801 497 871; x_wconf 88' lang='lat' dir='ltr'><strong>vellet</strong></span> <span class='ocrx_word' id='word_1_27' title='bbox 507 849 517 890; x_wconf 75' lang='lat'>,</span> <span class='ocrx_word' id='word_1_28' title='bbox 529 805 599 872; x_wconf 89' lang='lat' dir='ltr'><strong>sine</strong></span> <span class='ocrx_word' id='word_1_29' title='bbox 613 800 681 871; x_wconf 93' lang='lat' dir='ltr'><strong>ullo</strong></span> <span class='ocrx_word' id='word_1_30' title='bbox 698 803 769 896; x_wconf 86' lang='lat' dir='ltr'><strong>ejus</strong></span> <span class='ocrx_word' id='word_1_31' title='bbox 781 802 895 872; x_wconf 88' lang='lat' dir='ltr'><strong>labore</strong></span> <span class='ocrx_word' id='word_1_32' title='bbox 909 817 943 871; x_wconf 93' lang='lat' dir='ltr'><strong>et</strong></span> <span class='ocrx_word' id='word_1_33' title='bbox 957 802 1198 905; x_wconf 77' lang='lat' dir='ltr'><strong>periculosor-</strong></span> 
     </span>
     <span class='ocr_line' id='line_1_5' title="bbox 122 910 1253 990; baseline 0.003 -12"><span class='ocrx_word' id='word_1_34' title='bbox 122 910 298 980; x_wconf 80' lang='lat' dir='ltr'><strong>fecturum.</strong></span> <span class='ocrx_word' id='word_1_35' title='bbox 320 926 338 962; x_wconf 70' lang='lat'><strong>³&gt;</strong></span> <span class='ocrx_word' id='word_1_36' title='bbox 1134 927 1141 940; x_wconf 81' lang='grc'><strong>“</strong></span> <span class='ocrx_word' id='word_1_37' title='bbox 1250 978 1253 990; x_wconf 89' lang='grc'><em>,</em></span> 
     </span>
    </p>

    <p class='ocr_par' dir='ltr' id='par_1_5' title="bbox 135 1013 1200 1107">
     <span class='ocr_line' id='line_1_6' title="bbox 135 1013 1200 1107; baseline 0.004 -23"><span class='ocrx_word' id='word_1_38' title='bbox 135 1034 138 1040; x_wconf 90' lang='grc'><strong>’</strong></span> <span class='ocrx_word' id='word_1_39' title='bbox 169 1019 279 1086; x_wconf 85' lang='lat' dir='ltr'><strong>XLV.</strong></span> <span class='ocrx_word' id='word_1_40' title='bbox 300 1013 410 1084; x_wconf 84' lang='lat' dir='ltr'><strong>Multa</strong></span> <span class='ocrx_word' id='word_1_41' title='bbox 430 1016 473 1084; x_wconf 87' lang='lat' dir='ltr'><strong>ab</strong></span> <span class='ocrx_word' id='word_1_42' title='bbox 488 1018 620 1084; x_wconf 82' lang='lat' dir='ltr'><strong>Caesare</strong></span> <span class='ocrx_word' id='word_1_43' title='bbox 642 1018 675 1084; x_wconf 91' lang='lat' dir='ltr'><strong>in</strong></span> <span class='ocrx_word' id='word_1_44' title='bbox 695 1040 770 1084; x_wconf 82' lang='lat' dir='ltr'><strong>eam</strong></span> <span class='ocrx_word' id='word_1_45' title='bbox 788 1017 986 1086; x_wconf 85' lang='lat' dir='ltr'><strong>sententiam</strong></span> <span class='ocrx_word' id='word_1_46' title='bbox 1002 1016 1200 1107; x_wconf 82' lang='lat' dir='ltr'><strong>dictasunt,</strong></span> 
     </span>
    </p>

    <p class='ocr_par' dir='ltr' id='par_1_6' title="bbox 120 1122 1199 1218">
     <span class='ocr_line' id='line_1_7' title="bbox 120 1122 1199 1218; baseline 0.002 -26"><span class='ocrx_word' id='word_1_47' title='bbox 120 1147 219 1216; x_wconf 85' lang='lat' dir='ltr'><strong>quare</strong></span> <span class='ocrx_word' id='word_1_48' title='bbox 251 1124 390 1216; x_wconf 88' lang='lat' dir='ltr'><strong>negotio</strong></span> <span class='ocrx_word' id='word_1_49' title='bbox 416 1122 573 1190; x_wconf 82' lang='lat' dir='ltr'><strong>desistere</strong></span> <span class='ocrx_word' id='word_1_50' title='bbox 604 1146 672 1190; x_wconf 91' lang='lat' dir='ltr'><strong>non</strong></span> <span class='ocrx_word' id='word_1_51' title='bbox 703 1137 836 1216; x_wconf 83' lang='lat' dir='ltr'><strong>posset,</strong></span> <span class='ocrx_word' id='word_1_52' title='bbox 852 1136 887 1192; x_wconf 88' lang='lat' dir='ltr'><strong>et</strong></span> <span class='ocrx_word' id='word_1_53' title='bbox 910 1152 929 1187; x_wconf 75' lang='lat' dir='ltr'><strong>u</strong></span> <span class='ocrx_word' id='word_1_54' title='bbox 951 1148 1062 1218; x_wconf 86' lang='lat' dir='ltr'><strong>neque</strong></span> <span class='ocrx_word' id='word_1_55' title='bbox 1074 1149 1199 1213; x_wconf 82' lang='lat' dir='ltr'><strong>suam,</strong></span> 
     </span>
    </p>

    <p class='ocr_par' dir='ltr' id='par_1_7' title="bbox 120 1227 1198 1326">
     <span class='ocr_line' id='line_1_8' title="bbox 120 1227 1198 1326; baseline 0.004 -29"><span class='ocrx_word' id='word_1_56' title='bbox 120 1253 225 1323; x_wconf 86' lang='lat' dir='ltr'><strong>neque</strong></span> <span class='ocrx_word' id='word_1_57' title='bbox 261 1227 392 1324; x_wconf 48' lang='lat' dir='ltr'><strong>populi*</strong></span> <span class='ocrx_word' id='word_1_58' title='bbox 412 1231 542 1296; x_wconf 86' lang='lat' dir='ltr'><strong>romani</strong></span> <span class='ocrx_word' id='word_1_59' title='bbox 579 1229 853 1298; x_wconf 88' lang='lat' dir='ltr'><strong>consuetudinem</strong></span> <span class='ocrx_word' id='word_1_60' title='bbox 884 1231 974 1322; x_wconf 85' lang='lat' dir='ltr'><strong>pati,</strong></span> <span class='ocrx_word' id='word_1_61' title='bbox 993 1231 1043 1300; x_wconf 88' lang='lat' dir='ltr'><strong>uti</strong></span> <span class='ocrx_word' id='word_1_62' title='bbox 1072 1233 1198 1326; x_wconf 87' lang='lat' dir='ltr'><strong>optime</strong></span> 
     </span>
    </p>

    <p class='ocr_par' dir='ltr' id='par_1_8' title="bbox 118 1335 1198 1433">
     <span class='ocr_line' id='line_1_9' title="bbox 118 1335 1198 1433; baseline 0.006 -31"><span class='ocrx_word' id='word_1_63' title='bbox 118 1338 253 1405; x_wconf 81' lang='lat' dir='ltr'><strong>meritos</strong></span> <span class='ocrx_word' id='word_1_64' title='bbox 272 1337 380 1404; x_wconf 87' lang='lat' dir='ltr'><strong>socios</strong></span> <span class='ocrx_word' id='word_1_65' title='bbox 400 1335 589 1423; x_wconf 83' lang='lat' dir='ltr'><strong>desereret3</strong></span> <span class='ocrx_word' id='word_1_66' title='bbox 608 1359 715 1429; x_wconf 86' lang='lat' dir='ltr'><strong>neque</strong></span> <span class='ocrx_word' id='word_1_67' title='bbox 735 1359 770 1404; x_wconf 91' lang='lat' dir='ltr'><strong>se</strong></span> <span class='ocrx_word' id='word_1_68' title='bbox 788 1335 958 1428; x_wconf 88' lang='lat' dir='ltr'><strong>judicare,</strong></span> <span class='ocrx_word' id='word_1_69' title='bbox 972 1335 1115 1408; x_wconf 80' lang='lat' dir='ltr'><strong>Gallium</strong></span> <span class='ocrx_word' id='word_1_70' title='bbox 1136 1363 1198 1433; x_wconf 91' lang='lat' dir='ltr'><strong>po·</strong></span> 
     </span>
    </p>

    <p class='ocr_par' dir='ltr' id='par_1_9' title="bbox 118 1440 1198 1538">
     <span class='ocr_line' id='line_1_10' title="bbox 118 1440 1198 1538; baseline 0.004 -28"><span class='ocrx_word' id='word_1_71' title='bbox 118 1443 178 1511; x_wconf 92' lang='lat' dir='ltr'><strong>tius</strong></span> <span class='ocrx_word' id='word_1_72' title='bbox 201 1467 274 1512; x_wconf 88' lang='lat' dir='ltr'><strong>esse</strong></span> <span class='ocrx_word' id='word_1_73' title='bbox 297 1443 473 1528; x_wconf 82' lang='lat' dir='ltr'><strong>Ariovisti,</strong></span> <span class='ocrx_word' id='word_1_74' title='bbox 492 1465 592 1535; x_wconf 83' lang='lat' dir='ltr'><strong>quam</strong></span> <span class='ocrx_word' id='word_1_75' title='bbox 612 1440 728 1536; x_wconf 92' lang='lat' dir='ltr'><strong>populi</strong></span> <span class='ocrx_word' id='word_1_76' title='bbox 750 1443 889 1510; x_wconf 85' lang='lat' dir='ltr'><strong>romani.</strong></span> <span class='ocrx_word' id='word_1_77' title='bbox 908 1440 1000 1510; x_wconf 90' lang='lat' dir='ltr'><strong>Bello</strong></span> <span class='ocrx_word' id='word_1_78' title='bbox 1024 1458 1198 1538; x_wconf 83' lang='lat' dir='ltr'><strong>superatos</strong></span> 
     </span>
    </p>

    <p class='ocr_par' dir='ltr' id='par_1_10' title="bbox 118 1548 1197 1644">
     <span class='ocr_line' id='line_1_11' title="bbox 118 1548 1197 1644; baseline 0.004 -28"><span class='ocrx_word' id='word_1_79' title='bbox 118 1573 183 1618; x_wconf 89' lang='lat' dir='ltr'><strong>esse</strong></span> <span class='ocrx_word' id='word_1_80' title='bbox 205 1552 380 1618; x_wconf 87' lang='lat' dir='ltr'><strong>Arvernos</strong></span> <span class='ocrx_word' id='word_1_81' title='bbox 403 1561 436 1616; x_wconf 89' lang='lat' dir='ltr'><strong>et</strong></span> <span class='ocrx_word' id='word_1_82' title='bbox 457 1550 608 1619; x_wconf 89' lang='lat' dir='ltr'><strong>Rutenos</strong></span> <span class='ocrx_word' id='word_1_83' title='bbox 635 1548 678 1616; x_wconf 86' lang='lat' dir='ltr'><strong>ab</strong></span> <span class='ocrx_word' id='word_1_84' title='bbox 700 1549 742 1636; x_wconf 91' lang='lat' dir='ltr'><strong>Q.</strong></span> <span class='ocrx_word' id='word_1_85' title='bbox 766 1548 869 1616; x_wconf 83' lang='lat' dir='ltr'><strong>Fabio</strong></span> <span class='ocrx_word' id='word_1_86' title='bbox 888 1549 1058 1637; x_wconf 83' lang='lat' dir='ltr'><strong>Maximo,</strong></span> <span class='ocrx_word' id='word_1_87' title='bbox 1076 1551 1197 1644; x_wconf 85' lang='lat' dir='ltr'><strong>quibus</strong></span> 
     </span>
    </p>

    <p class='ocr_par' dir='ltr' id='par_1_11' title="bbox 117 1654 1198 1750">
     <span class='ocr_line' id='line_1_12' title="bbox 117 1654 1198 1750; baseline 0.003 -27"><span class='ocrx_word' id='word_1_88' title='bbox 117 1655 259 1750; x_wconf 90' lang='lat' dir='ltr'><strong>populus</strong></span> <span class='ocrx_word' id='word_1_89' title='bbox 287 1679 446 1724; x_wconf 89' lang='lat' dir='ltr'><strong>romanus</strong></span> <span class='ocrx_word' id='word_1_90' title='bbox 474 1656 656 1748; x_wconf 81' lang='lat' dir='ltr'><strong>ignovisset</strong></span> <span class='ocrx_word' id='word_1_91' title='bbox 669 1654 691 1742; x_wconf 79' lang='lat'><strong>¹3</strong></span> <span class='ocrx_word' id='word_1_92' title='bbox 709 1657 823 1748; x_wconf 85' lang='lat' dir='ltr'><strong>neque</strong></span> <span class='ocrx_word' id='word_1_93' title='bbox 845 1656 880 1722; x_wconf 91' lang='lat' dir='ltr'><strong>in</strong></span> <span class='ocrx_word' id='word_1_94' title='bbox 910 1657 1117 1748; x_wconf 88' lang='lat' dir='ltr'><strong>provinciam</strong></span> <span class='ocrx_word' id='word_1_95' title='bbox 1144 1681 1198 1726; x_wconf 68' lang='grc' dir='ltr'><strong>τε·-</strong></span> 
     </span>
    </p>

    <p class='ocr_par' dir='ltr' id='par_1_12' title="bbox 117 1760 1195 1857">
     <span class='ocr_line' id='line_1_13' title="bbox 117 1760 1195 1857; baseline 0.003 -28"><span class='ocrx_word' id='word_1_96' title='bbox 117 1761 259 1857; x_wconf 88' lang='lat' dir='ltr'><strong>degisset</strong></span> <span class='ocrx_word' id='word_1_97' title='bbox 271 1760 296 1850; x_wconf 86' lang='lat'><strong>²,</strong></span> <span class='ocrx_word' id='word_1_98' title='bbox 314 1786 421 1856; x_wconf 89' lang='lat' dir='ltr'><strong>neque</strong></span> <span class='ocrx_word' id='word_1_99' title='bbox 448 1761 648 1855; x_wconf 87' lang='lat' dir='ltr'><strong>stipendium</strong></span> <span class='ocrx_word' id='word_1_100' title='bbox 679 1763 898 1856; x_wconf 88' lang='lat' dir='ltr'><strong>imposuisset.</strong></span> <span class='ocrx_word' id='word_1_101' title='bbox 922 1760 1026 1850; x_wconf 87' lang='lat' dir='ltr'><strong>Quod</strong></span> <span class='ocrx_word' id='word_1_102' title='bbox 1053 1764 1081 1832; x_wconf 90' lang='lat' dir='ltr'><strong>si</strong></span> <span class='ocrx_word' id='word_1_103' title='bbox 1110 1765 1195 1832; x_wconf 85' lang='lat' dir='ltr'><strong>anti·</strong></span> 
     </span>
    </p>

    <p class='ocr_par' dir='ltr' id='par_1_13' title="bbox 117 1867 1200 1966">
     <span class='ocr_line' id='line_1_14' title="bbox 117 1867 1200 1966; baseline 0.002 -30"><span class='ocrx_word' id='word_1_104' title='bbox 117 1871 311 1962; x_wconf 90' lang='lat' dir='ltr'><strong>quissimum</strong></span> <span class='ocrx_word' id='word_1_105' title='bbox 346 1867 502 1963; x_wconf 92' lang='lat' dir='ltr'><strong>quodque</strong></span> <span class='ocrx_word' id='word_1_106' title='bbox 533 1882 664 1962; x_wconf 90' lang='lat' dir='ltr'><strong>tempus</strong></span> <span class='ocrx_word' id='word_1_107' title='bbox 695 1869 838 1964; x_wconf 82' lang='lat' dir='ltr'><strong>spectari</strong></span> <span class='ocrx_word' id='word_1_108' title='bbox 870 1883 1060 1966; x_wconf 84' lang='lat' dir='ltr'><strong>oporteret,</strong></span> <span class='ocrx_word' id='word_1_109' title='bbox 1080 1868 1200 1964; x_wconf 86' lang='lat' dir='ltr'><strong>populi-</strong></span> 
     </span>
    </p>

    <p class='ocr_par' dir='ltr' id='par_1_14' title="bbox 88 1961 1194 2070">
     <span class='ocr_line' id='line_1_15' title="bbox 88 1961 1194 2070; baseline 0.004 -28"><span class='ocrx_word' id='word_1_110' title='bbox 88 1969 98 2024; x_wconf 76' lang='lat'><em>)</em></span> <span class='ocrx_word' id='word_1_111' title='bbox 116 1979 244 2045; x_wconf 88' lang='lat' dir='ltr'><strong>romani</strong></span> <span class='ocrx_word' id='word_1_112' title='bbox 258 1976 480 2069; x_wconf 88' lang='lat' dir='ltr'><strong>justissimum</strong></span> <span class='ocrx_word' id='word_1_113' title='bbox 500 1997 571 2044; x_wconf 89' lang='lat' dir='ltr'><strong>esse</strong></span> <span class='ocrx_word' id='word_1_114' title='bbox 592 1976 627 2044; x_wconf 89' lang='lat' dir='ltr'><strong>in</strong></span> <span class='ocrx_word' id='word_1_115' title='bbox 638 1961 768 2045; x_wconf 82' lang='lat' dir='ltr'><strong>Galliu³</strong></span> <span class='ocrx_word' id='word_1_116' title='bbox 782 1977 977 2070; x_wconf 87' lang='lat' dir='ltr'><strong>imperium:</strong></span> <span class='ocrx_word' id='word_1_117' title='bbox 992 1976 1019 2044; x_wconf 93' lang='lat' dir='ltr'><strong>si</strong></span> <span class='ocrx_word' id='word_1_118' title='bbox 1031 1975 1194 2067; x_wconf 86' lang='lat' dir='ltr'><strong>judicium</strong></span> 
     </span>
    </p>

    <p class='ocr_par' dir='ltr' id='par_1_15' title="bbox 116 2080 1194 2176">
     <span class='ocr_line' id='line_1_16' title="bbox 116 2080 1194 2176; baseline 0.001 -25"><span class='ocrx_word' id='word_1_119' title='bbox 116 2083 256 2152; x_wconf 83' lang='lat' dir='ltr'><strong>Senatus</strong></span> <span class='ocrx_word' id='word_1_120' title='bbox 270 2083 442 2152; x_wconf 85' lang='lat' dir='ltr'><strong>observari</strong></span> <span class='ocrx_word' id='word_1_121' title='bbox 456 2095 644 2176; x_wconf 80' lang='lat' dir='ltr'><strong>oporteret,</strong></span> <span class='ocrx_word' id='word_1_122' title='bbox 658 2080 797 2151; x_wconf 88' lang='lat' dir='ltr'><strong>liberam</strong></span> <span class='ocrx_word' id='word_1_123' title='bbox 812 2082 933 2150; x_wconf 88' lang='lat' dir='ltr'><strong>debere</strong></span> <span class='ocrx_word' id='word_1_124' title='bbox 951 2107 1022 2152; x_wconf 88' lang='lat' dir='ltr'><strong>esse</strong></span> <span class='ocrx_word' id='word_1_125' title='bbox 1035 2081 1194 2170; x_wconf 83' lang='lat' dir='ltr'><strong>Galliam,</strong></span> 
     </span>
    </p>

    <p class='ocr_par' dir='ltr' id='par_1_16' title="bbox 113 2187 1193 2497">
     <span class='ocr_line' id='line_1_17' title="bbox 114 2187 1002 2283; baseline 0 -25"><span class='ocrx_word' id='word_1_126' title='bbox 114 2213 211 2283; x_wconf 86' lang='lat' dir='ltr'><strong>quam</strong></span> <span class='ocrx_word' id='word_1_127' title='bbox 232 2187 322 2260; x_wconf 92' lang='lat' dir='ltr'><strong>bello</strong></span> <span class='ocrx_word' id='word_1_128' title='bbox 343 2191 467 2258; x_wconf 84' lang='lat' dir='ltr'><strong>vietam</strong></span> <span class='ocrx_word' id='word_1_129' title='bbox 489 2190 556 2258; x_wconf 91' lang='lat' dir='ltr'><strong>suis</strong></span> <span class='ocrx_word' id='word_1_130' title='bbox 577 2187 704 2282; x_wconf 89' lang='lat' dir='ltr'><strong>legibus</strong></span> <span class='ocrx_word' id='word_1_131' title='bbox 725 2191 775 2258; x_wconf 89' lang='lat' dir='ltr'><strong>uti</strong></span> <span class='ocrx_word' id='word_1_132' title='bbox 794 2187 960 2258; x_wconf 87' lang='lat' dir='ltr'><strong>voluisset.</strong></span> <span class='ocrx_word' id='word_1_133' title='bbox 984 2206 1002 2242; x_wconf 83' lang='grc'>»</span> 
     </span>
     <span class='ocr_line' id='line_1_18' title="bbox 162 2294 1192 2390; baseline 0.001 -26"><span class='ocrx_word' id='word_1_134' title='bbox 162 2299 290 2367; x_wconf 84' lang='lat' dir='ltr'><strong>XLVI.</strong></span> <span class='ocrx_word' id='word_1_135' title='bbox 314 2299 407 2365; x_wconf 86' lang='lat' dir='ltr'><strong>Dum</strong></span> <span class='ocrx_word' id='word_1_136' title='bbox 428 2295 500 2364; x_wconf 85' lang='lat' dir='ltr'><strong>haec</strong></span> <span class='ocrx_word' id='word_1_137' title='bbox 522 2298 557 2363; x_wconf 92' lang='lat' dir='ltr'><strong>in</strong></span> <span class='ocrx_word' id='word_1_138' title='bbox 578 2294 744 2389; x_wconf 85' lang='lat' dir='ltr'><strong>colloquio</strong></span> <span class='ocrx_word' id='word_1_139' title='bbox 766 2311 944 2390; x_wconf 88' lang='lat' dir='ltr'><strong>geruntur,</strong></span> <span class='ocrx_word' id='word_1_140' title='bbox 961 2297 1085 2364; x_wconf 78' lang='lat' dir='ltr'><strong>Caesari</strong></span> <span class='ocrx_word' id='word_1_141' title='bbox 1107 2322 1192 2366; x_wconf 93' lang='lat' dir='ltr'><strong>nun·</strong></span> 
     </span>
     <span class='ocr_line' id='line_1_19' title="bbox 113 2400 1193 2497; baseline 0.001 -26"><span class='ocrx_word' id='word_1_142' title='bbox 113 2403 234 2472; x_wconf 84' lang='lat' dir='ltr'><strong>clatum</strong></span> <span class='ocrx_word' id='word_1_143' title='bbox 258 2417 328 2492; x_wconf 80' lang='lat' dir='ltr'><strong>est,</strong></span> <span class='ocrx_word' id='word_1_144' title='bbox 348 2404 474 2497; x_wconf 87' lang='lat' dir='ltr'><strong>equites</strong></span> <span class='ocrx_word' id='word_1_145' title='bbox 493 2403 651 2471; x_wconf 86' lang='lat' dir='ltr'><strong>Ariovisti</strong></span> <span class='ocrx_word' id='word_1_146' title='bbox 671 2405 808 2497; x_wconf 90' lang='lat' dir='ltr'><strong>propius</strong></span> <span class='ocrx_word' id='word_1_147' title='bbox 830 2400 996 2472; x_wconf 90' lang='lat' dir='ltr'><strong>tumulum</strong></span> <span class='ocrx_word' id='word_1_148' title='bbox 1016 2401 1193 2490; x_wconf 74' lang='lat' dir='ltr'><strong>abcedere,</strong></span> 
     </span>
    </p>
   </div>
   <div class='ocr_carea' id='block_1_3' title="bbox 109 2506 1193 2926">
    <p class='ocr_par' dir='ltr' id='par_1_17' title="bbox 109 2506 1193 2926">
     <span class='ocr_line' id='line_1_20' title="bbox 113 2506 1190 2604; baseline -0.001 -27"><span class='ocrx_word' id='word_1_149' title='bbox 113 2525 143 2578; x_wconf 92' lang='lat' dir='ltr'><strong>et</strong></span> <span class='ocrx_word' id='word_1_150' title='bbox 164 2510 208 2578; x_wconf 83' lang='lat' dir='ltr'><strong>ed</strong></span> <span class='ocrx_word' id='word_1_151' title='bbox 230 2509 386 2580; x_wconf 85' lang='lat' dir='ltr'><strong>nostros²</strong></span> <span class='ocrx_word' id='word_1_152' title='bbox 406 2509 617 2604; x_wconf 84' lang='lat' dir='ltr'><strong>adequitare3</strong></span> <span class='ocrx_word' id='word_1_153' title='bbox 631 2507 757 2603; x_wconf 84' lang='lat' dir='ltr'><strong>lapides</strong></span> <span class='ocrx_word' id='word_1_154' title='bbox 769 2506 900 2603; x_wconf 86' lang='lat' dir='ltr'><strong>telaque</strong></span> <span class='ocrx_word' id='word_1_155' title='bbox 913 2510 948 2578; x_wconf 92' lang='lat' dir='ltr'><strong>in</strong></span> <span class='ocrx_word' id='word_1_156' title='bbox 965 2522 1096 2578; x_wconf 91' lang='lat' dir='ltr'><strong>nostros</strong></span> <span class='ocrx_word' id='word_1_157' title='bbox 1111 2534 1190 2578; x_wconf 90' lang='lat' dir='ltr'><strong>con·</strong></span> 
     </span>
     <span class='ocr_line' id='line_1_21' title="bbox 109 2614 1193 2711; baseline 0.001 -27"><span class='ocrx_word' id='word_1_158' title='bbox 109 2616 218 2708; x_wconf 85' lang='lat' dir='ltr'><strong>jicere.</strong></span> <span class='ocrx_word' id='word_1_159' title='bbox 234 2619 349 2686; x_wconf 85' lang='lat' dir='ltr'><strong>Caesar</strong></span> <span class='ocrx_word' id='word_1_160' title='bbox 366 2615 523 2711; x_wconf 89' lang='lat' dir='ltr'><strong>loquendi</strong></span> <span class='ocrx_word' id='word_1_161' title='bbox 545 2615 646 2684; x_wconf 88' lang='lat' dir='ltr'><strong>finem</strong></span> <span class='ocrx_word' id='word_1_162' title='bbox 661 2614 772 2703; x_wconf 82' lang='lat' dir='ltr'><strong>feeit²3</strong></span> <span class='ocrx_word' id='word_1_163' title='bbox 788 2640 888 2710; x_wconf 84' lang='lat' dir='ltr'><strong>seque</strong></span> <span class='ocrx_word' id='word_1_164' title='bbox 903 2614 946 2684; x_wconf 85' lang='lat' dir='ltr'><strong>ad</strong></span> <span class='ocrx_word' id='word_1_165' title='bbox 959 2640 1037 2684; x_wconf 90' lang='lat' dir='ltr'><strong>suos</strong></span> <span class='ocrx_word' id='word_1_166' title='bbox 1049 2618 1193 2711; x_wconf 88' lang='lat' dir='ltr'><strong>recepit;</strong></span> 
     </span>
     <span class='ocr_line' id='line_1_22' title="bbox 113 2721 1192 2818; baseline 0 -28"><span class='ocrx_word' id='word_1_167' title='bbox 113 2726 242 2818; x_wconf 88' lang='lat' dir='ltr'><strong>suisque</strong></span> <span class='ocrx_word' id='word_1_168' title='bbox 262 2726 457 2818; x_wconf 84' lang='lat' dir='ltr'><strong>imperavit,</strong></span> <span class='ocrx_word' id='word_1_169' title='bbox 472 2747 515 2791; x_wconf 89' lang='lat' dir='ltr'><strong>ne</strong></span> <span class='ocrx_word' id='word_1_170' title='bbox 536 2723 626 2817; x_wconf 92' lang='lat' dir='ltr'><strong>quod</strong></span> <span class='ocrx_word' id='word_1_171' title='bbox 648 2725 786 2792; x_wconf 90' lang='lat' dir='ltr'><strong>omnino</strong></span> <span class='ocrx_word' id='word_1_172' title='bbox 807 2721 910 2791; x_wconf 91' lang='lat' dir='ltr'><strong>telum</strong></span> <span class='ocrx_word' id='word_1_173' title='bbox 931 2724 966 2791; x_wconf 92' lang='lat' dir='ltr'><strong>in</strong></span> <span class='ocrx_word' id='word_1_174' title='bbox 988 2722 1100 2791; x_wconf 82' lang='lat' dir='ltr'><strong>hostes</strong></span> <span class='ocrx_word' id='word_1_175' title='bbox 1120 2722 1192 2815; x_wconf 88' lang='lat' dir='ltr'><strong>reji-</strong></span> 
     </span>
     <span class='ocr_line' id='line_1_23' title="bbox 111 2827 1192 2926; baseline -0.001 -27"><span class='ocrx_word' id='word_1_176' title='bbox 111 2846 232 2900; x_wconf 87' lang='lat' dir='ltr'><strong>cerent.</strong></span> <span class='ocrx_word' id='word_1_177' title='bbox 251 2833 357 2919; x_wconf 85' lang='lat' dir='ltr'><strong>Num,</strong></span> <span class='ocrx_word' id='word_1_178' title='bbox 374 2832 435 2900; x_wconf 88' lang='lat' dir='ltr'><strong>etsi</strong></span> <span class='ocrx_word' id='word_1_179' title='bbox 450 2833 519 2900; x_wconf 91' lang='lat' dir='ltr'><strong>sine</strong></span> <span class='ocrx_word' id='word_1_180' title='bbox 541 2827 609 2899; x_wconf 93' lang='lat' dir='ltr'><strong>ullo</strong></span> <span class='ocrx_word' id='word_1_181' title='bbox 630 2827 778 2926; x_wconf 90' lang='lat' dir='ltr'><strong>periculo</strong></span> <span class='ocrx_word' id='word_1_182' title='bbox 800 2828 938 2926; x_wconf 85' lang='lat' dir='ltr'><strong>legionis</strong></span> <span class='ocrx_word' id='word_1_183' title='bbox 960 2827 1095 2899; x_wconf 87' lang='lat' dir='ltr'><strong>delectae</strong></span> <span class='ocrx_word' id='word_1_184' title='bbox 1114 2855 1192 2899; x_wconf 87' lang='lat' dir='ltr'><strong>cum</strong></span> 
     </span>
    </p>
   </div>
   <div class='ocr_carea' id='block_1_4' title="bbox 108 3023 1203 4303">
    <p class='ocr_par' dir='ltr' id='par_1_18' title="bbox 110 3023 1191 3658">
     <span class='ocr_line' id='line_1_24' title="bbox 143 3023 1190 3096; baseline 0 -20"><span class='ocrx_word' id='word_1_185' title='bbox 143 3025 335 3079; x_wconf 58' lang='lat' dir='ltr'><strong>crema.</strong></span> <span class='ocrx_word' id='word_1_186' title='bbox 345 3025 438 3096; x_wconf 82' lang='lat' dir='ltr'><strong>Quibus</strong></span> <span class='ocrx_word' id='word_1_187' title='bbox 444 3026 476 3078; x_wconf 90' lang='lat' dir='ltr'><strong>P.</strong></span> <span class='ocrx_word' id='word_1_188' title='bbox 483 3026 515 3078; x_wconf 79' lang='lat' dir='ltr'><strong>u.</strong></span> <span class='ocrx_word' id='word_1_189' title='bbox 525 3028 629 3096; x_wconf 74' lang='lat' dir='ltr'><strong>ignovis-</strong></span> <span class='ocrx_word' id='word_1_190' title='bbox 671 3024 701 3077; x_wconf 91' lang='lat' dir='ltr'><strong>in</strong></span> <span class='ocrx_word' id='word_1_191' title='bbox 717 3037 801 3078; x_wconf 86' lang='lat' dir='ltr'><strong>totam</strong></span> <span class='ocrx_word' id='word_1_192' title='bbox 815 3026 929 3079; x_wconf 88' lang='lat' dir='ltr'><strong>Galliam</strong></span> <span class='ocrx_word' id='word_1_193' title='bbox 943 3025 1023 3078; x_wconf 84' lang='lat' dir='ltr'><strong>vellet</strong></span> <span class='ocrx_word' id='word_1_194' title='bbox 1037 3023 1125 3078; x_wconf 81' lang='lat' dir='ltr'><strong>dicere</strong></span> <span class='ocrx_word' id='word_1_195' title='bbox 1139 3024 1190 3077; x_wconf 88' lang='lat' dir='ltr'><strong>im·</strong></span> 
     </span>
     <span class='ocr_line' id='line_1_25' title="bbox 111 3104 1189 3176; baseline 0 -20"><span class='ocrx_word' id='word_1_196' title='bbox 111 3117 149 3158; x_wconf 83' lang='lat' dir='ltr'><strong>ret.</strong></span> <span class='ocrx_word' id='word_1_197' title='bbox 161 3106 299 3176; x_wconf 86' lang='lat' dir='ltr'><strong>Ignovisse</strong></span> <span class='ocrx_word' id='word_1_198' title='bbox 311 3104 449 3160; x_wconf 82' lang='lat' dir='ltr'><strong>dicebatur</strong></span> <span class='ocrx_word' id='word_1_199' title='bbox 460 3106 490 3158; x_wconf 89' lang='lat' dir='ltr'><strong>P.</strong></span> <span class='ocrx_word' id='word_1_200' title='bbox 498 3107 531 3158; x_wconf 89' lang='lat' dir='ltr'><strong>R.</strong></span> <span class='ocrx_word' id='word_1_201' title='bbox 544 3123 629 3176; x_wconf 87' lang='lat' dir='ltr'><strong>quum</strong></span> <span class='ocrx_word' id='word_1_202' title='bbox 671 3105 791 3176; x_wconf 88' lang='lat' dir='ltr'><strong>perium,</strong></span> <span class='ocrx_word' id='word_1_203' title='bbox 799 3106 916 3161; x_wconf 80' lang='lat' dir='ltr'><strong>ablativo</strong></span> <span class='ocrx_word' id='word_1_204' title='bbox 930 3118 997 3159; x_wconf 86' lang='lat' dir='ltr'><strong>esset</strong></span> <span class='ocrx_word' id='word_1_205' title='bbox 1011 3106 1092 3158; x_wconf 85' lang='lat' dir='ltr'><strong>locus.</strong></span> <span class='ocrx_word' id='word_1_206' title='bbox 1104 3105 1189 3158; x_wconf 87' lang='lat' dir='ltr'><strong>Plaut.</strong></span> 
     </span>
     <span class='ocr_line' id='line_1_26' title="bbox 111 3185 1191 3257; baseline -0.002 -19"><span class='ocrx_word' id='word_1_207' title='bbox 111 3186 221 3257; x_wconf 85' lang='lat' dir='ltr'><strong>populos</strong></span> <span class='ocrx_word' id='word_1_208' title='bbox 240 3186 363 3240; x_wconf 84' lang='lat' dir='ltr'><strong>libertate</strong></span> <span class='ocrx_word' id='word_1_209' title='bbox 378 3204 424 3238; x_wconf 85' lang='lat' dir='ltr'><strong>sua</strong></span> <span class='ocrx_word' id='word_1_210' title='bbox 439 3185 508 3251; x_wconf 83' lang='lat' dir='ltr'><strong>frui,</strong></span> <span class='ocrx_word' id='word_1_211' title='bbox 522 3185 627 3256; x_wconf 84' lang='lat' dir='ltr'><strong>suisque</strong></span> <span class='ocrx_word' id='word_1_212' title='bbox 671 3187 844 3251; x_wconf 87' lang='lat' dir='ltr'><strong>Mil.111,1‚</strong></span> <span class='ocrx_word' id='word_1_213' title='bbox 865 3186 1145 3256; x_wconf 68' lang='lat' dir='ltr'><strong>17zfacu0unperum</strong></span> <span class='ocrx_word' id='word_1_214' title='bbox 1166 3190 1191 3236; x_wconf 83' lang='lat' dir='ltr'><strong>in</strong></span> 
     </span>
     <span class='ocr_line' id='line_1_27' title="bbox 110 3263 1189 3337; baseline 0 -22"><span class='ocrx_word' id='word_1_215' title='bbox 110 3263 209 3336; x_wconf 85' lang='lat' dir='ltr'><strong>legibus</strong></span> <span class='ocrx_word' id='word_1_216' title='bbox 236 3266 293 3332; x_wconf 85' lang='lat' dir='ltr'><strong>uti,</strong></span> <span class='ocrx_word' id='word_1_217' title='bbox 312 3285 343 3320; x_wconf 87' lang='lat' dir='ltr'><strong>ao</strong></span> <span class='ocrx_word' id='word_1_218' title='bbox 365 3265 531 3337; x_wconf 79' lang='lat' dir='ltr'><strong>magistratus</strong></span> <span class='ocrx_word' id='word_1_219' title='bbox 553 3284 627 3318; x_wconf 87' lang='lat' dir='ltr'><strong>more</strong></span> <span class='ocrx_word' id='word_1_220' title='bbox 671 3265 941 3318; x_wconf 63' lang='lat' dir='ltr'><strong>bonmounnuuour.</strong></span> <span class='ocrx_word' id='word_1_221' title='bbox 952 3265 1016 3318; x_wconf 73' lang='lat' dir='ltr'><strong>Huc</strong></span> <span class='ocrx_word' id='word_1_222' title='bbox 1028 3277 1116 3316; x_wconf 85' lang='lat' dir='ltr'><strong>autem</strong></span> <span class='ocrx_word' id='word_1_223' title='bbox 1131 3277 1189 3315; x_wconf 90' lang='lat' dir='ltr'><strong>tum</strong></span> 
     </span>
     <span class='ocr_line' id='line_1_28' title="bbox 110 3343 1190 3414; baseline -0.002 -16"><span class='ocrx_word' id='word_1_224' title='bbox 110 3345 194 3414; x_wconf 85' lang='lat' dir='ltr'><strong>patrio</strong></span> <span class='ocrx_word' id='word_1_225' title='bbox 205 3364 298 3399; x_wconf 87' lang='lat' dir='ltr'><strong>creare</strong></span> <span class='ocrx_word' id='word_1_226' title='bbox 309 3347 420 3400; x_wconf 84' lang='lat' dir='ltr'><strong>sinebat.</strong></span> <span class='ocrx_word' id='word_1_227' title='bbox 430 3345 627 3409; x_wconf 87' lang='lat' dir='ltr'><strong>Nihilominus,</strong></span> <span class='ocrx_word' id='word_1_228' title='bbox 671 3345 802 3409; x_wconf 79' lang='lat' dir='ltr'><strong>Caesaris,</strong></span> <span class='ocrx_word' id='word_1_229' title='bbox 824 3358 882 3397; x_wconf 90' lang='lat' dir='ltr'><strong>tum</strong></span> <span class='ocrx_word' id='word_1_230' title='bbox 908 3344 1035 3396; x_wconf 76' lang='lat' dir='ltr'><strong>Ariouisti</strong></span> <span class='ocrx_word' id='word_1_231' title='bbox 1057 3343 1190 3414; x_wconf 79' lang='lat' dir='ltr'><strong>colloquia</strong></span> 
     </span>
     <span class='ocr_line' id='line_1_29' title="bbox 110 3423 1190 3498; baseline -0.002 -22"><span class='ocrx_word' id='word_1_232' title='bbox 110 3424 136 3476; x_wconf 90' lang='lat' dir='ltr'><strong>in</strong></span> <span class='ocrx_word' id='word_1_233' title='bbox 148 3426 179 3478; x_wconf 87' lang='lat' dir='ltr'><strong>iis</strong></span> <span class='ocrx_word' id='word_1_234' title='bbox 194 3425 626 3498; x_wconf 81' lang='lat' dir='ltr'><strong>loeis‚quibusdepugnave1unt,</strong></span> <span class='ocrx_word' id='word_1_235' title='bbox 670 3424 753 3478; x_wconf 86' lang='lat' dir='ltr'><strong>veluti</strong></span> <span class='ocrx_word' id='word_1_236' title='bbox 765 3425 890 3495; x_wconf 68' lang='lat' dir='ltr'><strong>preclara</strong></span> <span class='ocrx_word' id='word_1_237' title='bbox 900 3423 1021 3476; x_wconf 86' lang='lat' dir='ltr'><strong>militaris</strong></span> <span class='ocrx_word' id='word_1_238' title='bbox 1032 3424 1190 3493; x_wconf 69' lang='lat' dir='ltr'><strong>eloquentie</strong></span> 
     </span>
     <span class='ocr_line' id='line_1_30' title="bbox 111 3502 1191 3580; baseline -0.001 -23"><span class='ocrx_word' id='word_1_239' title='bbox 111 3522 194 3559; x_wconf 79' lang='lat' dir='ltr'><strong>saxeas</strong></span> <span class='ocrx_word' id='word_1_240' title='bbox 208 3519 297 3560; x_wconf 82' lang='lat' dir='ltr'><strong>turres</strong></span> <span class='ocrx_word' id='word_1_241' title='bbox 312 3507 426 3580; x_wconf 87' lang='lat' dir='ltr'><strong>superbe</strong></span> <span class='ocrx_word' id='word_1_242' title='bbox 441 3507 625 3570; x_wconf 82' lang='lat' dir='ltr'><strong>exstruebant,</strong></span> <span class='ocrx_word' id='word_1_243' title='bbox 670 3504 830 3576; x_wconf 87' lang='lat' dir='ltr'><strong>exemplaria</strong></span> <span class='ocrx_word' id='word_1_244' title='bbox 841 3504 909 3556; x_wconf 88' lang='lat' dir='ltr'><strong>mihi</strong></span> <span class='ocrx_word' id='word_1_245' title='bbox 920 3502 1047 3556; x_wconf 83' lang='lat' dir='ltr'><strong>ridentur</strong></span> <span class='ocrx_word' id='word_1_246' title='bbox 1056 3503 1191 3573; x_wconf 86' lang='lat' dir='ltr'><strong>juventuti</strong></span> 
     </span>
     <span class='ocr_line' id='line_1_31' title="bbox 111 3582 852 3658; baseline 0 -22"><span class='ocrx_word' id='word_1_247' title='bbox 111 3597 135 3637; x_wconf 88' lang='lat' dir='ltr'><strong>et</strong></span> <span class='ocrx_word' id='word_1_248' title='bbox 150 3587 270 3658; x_wconf 81' lang='lat' dir='ltr'><strong>trophaea</strong></span> <span class='ocrx_word' id='word_1_249' title='bbox 283 3587 410 3658; x_wconf 75' lang='lat' dir='ltr'><strong>figebant.</strong></span> <span class='ocrx_word' id='word_1_250' title='bbox 426 3585 498 3640; x_wconf 86' lang='lat' dir='ltr'><strong>Gon.</strong></span> <span class='ocrx_word' id='word_1_251' title='bbox 668 3582 852 3656; x_wconf 89' lang='lat' dir='ltr'><strong>proponenda.</strong></span> 
     </span>
    </p>

    <p class='ocr_par' dir='ltr' id='par_1_19' title="bbox 108 3663 1189 4061">
     <span class='ocr_line' id='line_1_32' title="bbox 149 3663 1189 3740; baseline -0.005 -21"><span class='ocrx_word' id='word_1_252' title='bbox 149 3685 174 3719; x_wconf 78' lang='lat' dir='ltr'><strong>a.</strong></span> <span class='ocrx_word' id='word_1_253' title='bbox 196 3667 283 3740; x_wconf 81' lang='lat' dir='ltr'><strong>Neque</strong></span> <span class='ocrx_word' id='word_1_254' title='bbox 304 3671 330 3719; x_wconf 79' lang='lat' dir='ltr'><strong>in</strong></span> <span class='ocrx_word' id='word_1_255' title='bbox 346 3671 495 3738; x_wconf 76' lang='lat' dir='ltr'><strong>pmvrircr&#39;ttm</strong></span> <span class='ocrx_word' id='word_1_256' title='bbox 519 3666 625 3736; x_wconf 73' lang='lat' dir='ltr'><strong>redegis-</strong></span> <span class='ocrx_word' id='word_1_257' title='bbox 708 3663 1189 3719; x_wconf 71' lang='lat' dir='ltr'><strong>cn.x1.V1.1.Etadn0srrosad.</strong></span> 
     </span>
     <span class='ocr_line' id='line_1_33' title="bbox 110 3739 1189 3818; baseline 0.001 -23"><span class='ocrx_word' id='word_1_258' title='bbox 110 3757 149 3799; x_wconf 79' lang='lat' dir='ltr'><strong>set.</strong></span> <span class='ocrx_word' id='word_1_259' title='bbox 154 3746 226 3799; x_wconf 85' lang='lat' dir='ltr'><strong>Tum</strong></span> <span class='ocrx_word' id='word_1_260' title='bbox 238 3739 267 3800; x_wconf 78' lang='lat' dir='ltr'><strong>iri</strong></span> <span class='ocrx_word' id='word_1_261' title='bbox 277 3747 445 3818; x_wconf 86' lang='lat' dir='ltr'><strong>provinciam</strong></span> <span class='ocrx_word' id='word_1_262' title='bbox 456 3745 625 3818; x_wconf 83' lang='lat' dir='ltr'><strong>redigebant,</strong></span> <span class='ocrx_word' id='word_1_263' title='bbox 669 3750 782 3817; x_wconf 81' lang='lat' dir='ltr'><strong>equitare.</strong></span> <span class='ocrx_word' id='word_1_264' title='bbox 798 3746 840 3798; x_wconf 86' lang='lat' dir='ltr'><strong>Ita</strong></span> <span class='ocrx_word' id='word_1_265' title='bbox 857 3743 937 3798; x_wconf 83' lang='lat' dir='ltr'><strong>codd.</strong></span> <span class='ocrx_word' id='word_1_266' title='bbox 954 3757 981 3796; x_wconf 89' lang='lat' dir='ltr'><strong>et</strong></span> <span class='ocrx_word' id='word_1_267' title='bbox 1003 3742 1063 3796; x_wconf 86' lang='lat' dir='ltr'><strong>edd.</strong></span> <span class='ocrx_word' id='word_1_268' title='bbox 1081 3756 1145 3796; x_wconf 86' lang='lat' dir='ltr'><strong>vett.</strong></span> <span class='ocrx_word' id='word_1_269' title='bbox 1162 3757 1189 3796; x_wconf 89' lang='lat' dir='ltr'><strong>et</strong></span> 
     </span>
     <span class='ocr_line' id='line_1_34' title="bbox 110 3823 1186 3899; baseline -0.004 -18"><span class='ocrx_word' id='word_1_270' title='bbox 110 3841 206 3894; x_wconf 81' lang='lat' dir='ltr'><strong>quum,</strong></span> <span class='ocrx_word' id='word_1_271' title='bbox 222 3826 354 3899; x_wconf 84' lang='lat' dir='ltr'><strong>ademptis</strong></span> <span class='ocrx_word' id='word_1_272' title='bbox 374 3828 493 3898; x_wconf 83' lang='lat' dir='ltr'><strong>legibus,</strong></span> <span class='ocrx_word' id='word_1_273' title='bbox 513 3845 625 3880; x_wconf 85' lang='lat' dir='ltr'><strong>romano</strong></span> <span class='ocrx_word' id='word_1_274' title='bbox 668 3844 744 3897; x_wconf 83' lang='lat' dir='ltr'><strong>graec.</strong></span> <span class='ocrx_word' id='word_1_275' title='bbox 760 3826 872 3897; x_wconf 87' lang='lat' dir='ltr'><strong>interpr.</strong></span> <span class='ocrx_word' id='word_1_276' title='bbox 884 3826 927 3878; x_wconf 78' lang='grc' dir='ltr'><strong>καὶ</strong></span> <span class='ocrx_word' id='word_1_277' title='bbox 944 3826 1013 3894; x_wconf 77' lang='grc' dir='ltr'><strong>πρός.</strong></span> <span class='ocrx_word' id='word_1_278' title='bbox 1029 3825 1100 3876; x_wconf 88' lang='lat' dir='ltr'><strong>Male</strong></span> <span class='ocrx_word' id='word_1_279' title='bbox 1119 3823 1186 3877; x_wconf 84' lang='lat' dir='ltr'><strong>Scnl.</strong></span> 
     </span>
     <span class='ocr_line' id='line_1_35' title="bbox 110 3905 1188 3980; baseline -0.004 -20"><span class='ocrx_word' id='word_1_280' title='bbox 110 3907 272 3979; x_wconf 82' lang='lat' dir='ltr'><strong>magistratui</strong></span> <span class='ocrx_word' id='word_1_281' title='bbox 293 3919 321 3961; x_wconf 89' lang='lat' dir='ltr'><strong>et</strong></span> <span class='ocrx_word' id='word_1_282' title='bbox 344 3907 515 3980; x_wconf 81' lang='lat' dir='ltr'><strong>vectigalibus</strong></span> <span class='ocrx_word' id='word_1_283' title='bbox 542 3908 627 3980; x_wconf 87' lang='lat' dir='ltr'><strong>subji·</strong></span> <span class='ocrx_word' id='word_1_284' title='bbox 667 3905 758 3958; x_wconf 88' lang='lat' dir='ltr'><strong>omisit</strong></span> <span class='ocrx_word' id='word_1_285' title='bbox 785 3905 1001 3979; x_wconf 81' lang='lat' dir='ltr'><strong>praepositionem</strong></span> <span class='ocrx_word' id='word_1_286' title='bbox 1031 3905 1082 3964; x_wconf 83' lang='lat' dir='ltr'><strong>ad,</strong></span> <span class='ocrx_word' id='word_1_287' title='bbox 1108 3922 1188 3974; x_wconf 83' lang='lat' dir='ltr'><strong>quam</strong></span> 
     </span>
     <span class='ocr_line' id='line_1_36' title="bbox 108 3985 933 4061; baseline -0.001 -23"><span class='ocrx_word' id='word_1_288' title='bbox 108 3985 244 4041; x_wconf 85' lang='lat' dir='ltr'><strong>ciebantur</strong></span> <span class='ocrx_word' id='word_1_289' title='bbox 261 3989 365 4061; x_wconf 89' lang='lat' dir='ltr'><strong>populi.</strong></span> <span class='ocrx_word' id='word_1_290' title='bbox 381 3987 422 4042; x_wconf 88' lang='lat' dir='ltr'><strong>Id.</strong></span> <span class='ocrx_word' id='word_1_291' title='bbox 667 3986 784 4040; x_wconf 86' lang='lat' dir='ltr'><strong>restituit</strong></span> <span class='ocrx_word' id='word_1_292' title='bbox 801 3985 933 4038; x_wconf 79' lang='lat' dir='ltr'><strong>Clarbius.</strong></span> 
     </span>
    </p>

    <p class='ocr_par' dir='ltr' id='par_1_20' title="bbox 110 4063 1203 4303">
     <span class='ocr_line' id='line_1_37' title="bbox 147 4063 1187 4139; baseline -0.004 -17"><span class='ocrx_word' id='word_1_293' title='bbox 147 4068 176 4122; x_wconf 83' lang='lat'><strong>3.</strong></span> <span class='ocrx_word' id='word_1_294' title='bbox 192 4069 223 4122; x_wconf 84' lang='lat' dir='ltr'><strong>In</strong></span> <span class='ocrx_word' id='word_1_295' title='bbox 244 4068 340 4125; x_wconf 78' lang='lat' dir='ltr'><strong>Gallia.</strong></span> <span class='ocrx_word' id='word_1_296' title='bbox 355 4068 479 4122; x_wconf 83' lang='lat' dir='ltr'><strong>Vossian.</strong></span> <span class='ocrx_word' id='word_1_297' title='bbox 499 4067 579 4139; x_wconf 89' lang='lat' dir='ltr'><strong>prim.</strong></span> <span class='ocrx_word' id='word_1_298' title='bbox 598 4072 624 4119; x_wconf 83' lang='lat' dir='ltr'><strong>in</strong></span> <span class='ocrx_word' id='word_1_299' title='bbox 711 4086 736 4120; x_wconf 82' lang='lat' dir='ltr'><strong>a.</strong></span> <span class='ocrx_word' id='word_1_300' title='bbox 759 4067 840 4120; x_wconf 82' lang='lat' dir='ltr'><strong>Fecit.</strong></span> <span class='ocrx_word' id='word_1_301' title='bbox 857 4064 925 4130; x_wconf 78' lang='lat' dir='ltr'><strong>alii,</strong></span> <span class='ocrx_word' id='word_1_302' title='bbox 936 4065 1010 4131; x_wconf 84' lang='lat' dir='ltr'><strong>facit.</strong></span> <span class='ocrx_word' id='word_1_303' title='bbox 1036 4063 1187 4136; x_wconf 88' lang='lat' dir='ltr'><strong>Utrumque</strong></span> 
     </span>
     <span class='ocr_line' id='line_1_38' title="bbox 111 4144 1203 4222; baseline -0.003 -21"><span class='ocrx_word' id='word_1_304' title='bbox 111 4145 625 4222; x_wconf 74' lang='lat' dir='ltr'><strong>Galliun.perpera1u:namintelligitur</strong></span> <span class='ocrx_word' id='word_1_305' title='bbox 666 4158 761 4200; x_wconf 89' lang='lat' dir='ltr'><strong>recte:</strong></span> <span class='ocrx_word' id='word_1_306' title='bbox 785 4164 849 4200; x_wconf 83' lang='lat' dir='ltr'><strong>nam</strong></span> <span class='ocrx_word' id='word_1_307' title='bbox 874 4145 971 4198; x_wconf 77' lang='lat' dir='ltr'><strong>Coesari</strong></span> <span class='ocrx_word' id='word_1_308' title='bbox 996 4155 1036 4198; x_wconf 86' lang='lat' dir='ltr'><strong>est</strong></span> <span class='ocrx_word' id='word_1_309' title='bbox 1060 4144 1203 4198; x_wconf 73' lang='lat' dir='ltr'><strong>unitatum</strong></span> 
     </span>
     <span class='ocr_line' id='line_1_39' title="bbox 110 4225 1190 4303; baseline -0.002 -23"><span class='ocrx_word' id='word_1_310' title='bbox 110 4225 137 4280; x_wconf 89' lang='lat' dir='ltr'><strong>in</strong></span> <span class='ocrx_word' id='word_1_311' title='bbox 152 4229 238 4302; x_wconf 83' lang='lat' dir='ltr'><strong>aliqua</strong></span> <span class='ocrx_word' id='word_1_312' title='bbox 252 4240 329 4303; x_wconf 88' lang='lat' dir='ltr'><strong>parte</strong></span> <span class='ocrx_word' id='word_1_313' title='bbox 343 4229 445 4284; x_wconf 71' lang='lat' dir='ltr'><strong>Gallie.</strong></span> <span class='ocrx_word' id='word_1_314' title='bbox 461 4230 548 4282; x_wconf 86' lang='lat' dir='ltr'><strong>Immo</strong></span> <span class='ocrx_word' id='word_1_315' title='bbox 562 4227 625 4282; x_wconf 85' lang='lat' dir='ltr'><strong>lieet</strong></span> <span class='ocrx_word' id='word_1_316' title='bbox 667 4238 788 4298; x_wconf 85' lang='lat' dir='ltr'><strong>tempora</strong></span> <span class='ocrx_word' id='word_1_317' title='bbox 803 4227 948 4280; x_wconf 77' lang='lat' dir='ltr'><strong>verborum</strong></span> <span class='ocrx_word' id='word_1_318' title='bbox 962 4236 1135 4280; x_wconf 72' lang='lat' dir='ltr'><strong>commutare.</strong></span> <span class='ocrx_word' id='word_1_319' title='bbox 1185 4283 1190 4290; x_wconf 48' lang='grc'>,</span> 
     </span>
    </p>
   </div>
   <div class='ocr_carea' id='block_1_5' title="bbox 0 0 1504 5034">
    <p class='ocr_par' dir='ltr' id='par_1_21' title="bbox 0 0 1504 5034">
     <span class='ocr_line' id='line_1_40' title="bbox 0 0 1504 5034; baseline 0 4"><span class='ocrx_word' id='word_1_320' title='bbox 0 0 1504 5034; x_wconf 95' lang='lat' dir='ltr'><strong> </strong></span> 
     </span>
    </p>
   </div>
  </div>
 </body>
</html>
