3000 5034
296 456 372 538 [ρο
445 452 483 519 C.
511 449 653 515 JULII
683 445 917 515 CAESARIS
944 446 1222 515 COMMENT.
1304 542 1308 547 g

292 585 411 680 plicem
428 581 552 677 pedum
569 580 707 673 quinum
722 577 846 646 denum
865 575 1022 645 lateribus
1037 563 1186 647 directis⁵
1199 563 1371 672 deprimi⁶3

225 745 227 748 -
291 706 400 760 turres
432 687 564 757 crebras
594 687 732 753 excitari
755 688 790 753 in
818 682 1024 753 altitudinem
1047 708 1100 754 111
1123 684 1371 772 tabulatorum,

291 797 449 891 pontibus
468 794 613 887 trajectis
637 791 899 885 constratisque⁷
917 792 1093 886 conjungi,
1116 816 1259 884 quorum
1284 791 1377 860 fron.

291 890 360 972 tes8
379 903 522 969 viminea
540 897 700 967 loricrda⁹
715 900 942 985 munirentur,
960 913 998 965 ut
1015 898 1058 965 ab
1075 898 1229 967 hostibus
1245 897 1380 992 duplici·

292 1010 380 1078 fossa
400 1005 523 1102 duplici
544 1019 833 1101 propugnatorum
857 1004 972 1073 ordine
990 1003 1223 1073 defenderetur
1233 1004 1276 1071 ¹⁰:
1292 1030 1380 1099 quo.

292 1142 367 1184 rum
389 1114 472 1182 alter
499 1140 539 1181 ex
570 1112 746 1207 pontibus,
767 1136 834 1205 quo
856 1113 959 1180 tutior
986 1110 1158 1179 altitudine
1180 1126 1286 1199 esset,
1305 1113 1372 1193 hoc

291 1222 448 1290 audacius
468 1219 665 1314 longiusque
686 1216 750 1287 tela
771 1216 1027 1312 permitteret¹¹3
1039 1216 1142 1306 alter,
1155 1221 1212 1311 qui
1232 1221 1372 1313 propior

293 1329 424 1397 hostem
445 1312 480 1395 in
501 1328 572 1421 ipso
590 1324 679 1393 vallo
696 1324 877 1397 collocatus
895 1339 1000 1411 esset,
1016 1339 1117 1419 ponte
1136 1325 1178 1392 ab
1195 1324 1371 1394 incidenti-

292 1434 356 1512 bus
367 1434 440 1503 telis
451 1446 629 1528 tegeretur.
639 1434 747 1500 Portis
759 1432 847 1501 fores
860 1430 1057 1525 altioresque
1078 1446 1186 1499 turres
1200 1434 1369 1526 imposuit.

292 1657 344 1689 sam
366 1637 482 1707 duplicem
494 1636 582 1705 pedum
598 1638 695 1709 quinum
712 1634 807 1686 denum.
852 1632 944 1703 duplici
958 1652 1080 1703 propaga.
1101 1634 1154 1685 ord.
1167 1633 1370 1700 defenderentur:

293 1716 327 1769 Id
340 1730 391 1782 est,
401 1709 712 1785 iucedpicari(inaedrficare
721 1715 750 1767 in
763 1734 808 1766 eo-
853 1708 922 1774 (scil.
929 1710 1037 1775 nostri).
1049 1711 1092 1764 Sic
1099 1711 1192 1765 etedd.
1203 1716 1282 1767 Rom.
1299 1716 1376 1773 Ven..

293 1796 355 1849 dem
369 1815 447 1848 sensu
461 1814 516 1866 quo
529 1791 633 1862 fodere)
646 1794 743 1847 fossam
758 1792 809 1846 du·
852 1791 975 1845 Beroald.
991 1792 1043 1845 nisi
1058 1790 1132 1863 quod
1146 1793 1248 1846 habeut
1260 1795 1371 1861 deffende-

293 1878 392 1947 plicem
406 1895 441 1927 xv
451 1873 514 1947 ped.
526 1879 552 1926 in
566 1876 673 1934 coronis,
688 1893 738 1945 pro
752 1874 808 1925 vel·
853 1884 920 1923 retur
932 1872 1065 1936 absolute,
1076 1886 1102 1926 et
1114 1874 1269 1943 elegantius.
1281 1873 1369 1929 Codd.

293 1959 334 2020 lo,
350 1955 573 2007 anteventum
590 1951 707 2005 secunda
719 1966 808 2005 autem
853 1952 940 2004 Oxon.
957 1951 1057 2005 Audin.
1072 1952 1164 2023 scalig.
1184 1966 1211 2005 et
1229 1967 1322 2008 noster
1336 1958 1368 2009 R.

294 2055 388 2099 manu,
405 2047 430 2086 et
443 2033 608 2086 interlineas
623 2045 742 2085 nostram
755 2033 809 2086 lec·
855 2032 930 2101 5764
943 2050 950 2084 x
970 2032 1006 2083 Ut
1016 2033 1090 2084 hostis
1100 2053 1116 2084 a
1128 2032 1219 2104 duplici
1228 2054 1370 2105 propugna-

294 2117 395 2168 tionem
405 2114 512 2166 exhibet
522 2130 528 2164 τ
540 2125 704 2184 quapropter
715 2112 808 2166 lectio·
853 2124 930 2163 torum
945 2112 1028 2163 ordine
1039 2112 1208 2183 depelleretur,
1215 2116 1370 2169 omittentes

294 2214 357 2247 nem
372 2192 452 2245 codd.
467 2205 620 2246 nostrorum
635 2193 771 2259 revocavi,
783 2206 810 2246 et
852 2192 879 2247 et
887 2191 979 2261 duplici
979 2194 1059 2260 scisso.
1067 2194 1129 2245 Vox
1135 2193 1371 2265 depelleretur-glosa

293 2293 388 2328 vocem
403 2274 533 2344 ingratam
543 2277 636 2324 coronis
652 2274 740 2343 rejeci.
853 2290 908 2323 sam
921 2270 1032 2325 redolet.
1041 2274 1075 2325 At
1084 2274 1197 2343 pessima
1206 2274 1304 2327 harum
1316 2276 1368 2328 lec·

337 2355 363 2407 5.
386 2354 513 2405 Lateribm
533 2354 638 2405 directis.
657 2354 696 2405 Ut
715 2372 821 2425 supra„
852 2351 890 2403 tio
909 2352 987 2404 nobis
999 2351 1106 2405 videtur
1123 2352 1367 2426 Oudendorpiana:

292 2454 347 2499 vn,
365 2453 411 2504 7²·
855 2432 971 2483 Utlrostis
984 2452 1000 2482 a
1014 2432 1105 2503 duplici
1111 2435 1193 2499 fosso,
1208 2434 1302 2505 duplici
1311 2456 1368 2506 pno-

336 2520 362 2568 6.
379 2516 499 2583 Deprimi.
521 2514 677 2584 Deprimere
695 2513 807 2579 fossam,
847 2523 953 2581 pugnat.
966 2513 1019 2565 ord.
1033 2513 1206 2579 defiudemtur.
1221 2515 1292 2567 Nam
1303 2536 1369 2587 pre·

293 2592 513 2658 fodere,efficere
522 2594 606 2645 utliat
616 2592 759 2664 profunda.
768 2594 806 2645 M.
851 2603 973 2661 terquam
992 2590 1066 2664 quod
1084 2606 1205 2648 contorta
1224 2595 1307 2665 paulo
1329 2608 1368 2650 est

333 2694 363 2743 7.
376 2674 496 2725 Pontibus
508 2676 614 2743 trajectis
625 2677 806 2744 constructaque.
852 2670 1011 2741 significatio
1018 2672 1093 2724 verbi
1105 2674 1203 2741 descendi
1211 2694 1262 2745 pro
1275 2681 1366 2743 arceri,

294 2755 392 2806 Pontes
405 2753 531 2805 constrati
547 2765 609 2805 sunt
621 2753 731 2817 tabulae,
748 2771 807 2824 quae
847 2750 984 2819 proludere,
996 2752 1095 2822 depelli,
1110 2774 1264 2825 quanquam
1275 2770 1365 2809 aucto·

295 2834 333 2885 sic
354 2844 527 2894 sternuntur,
547 2851 593 2903 seu
614 2845 752 2902 ponuntur
774 2832 807 2885 ab
850 2831 1075 2885 ritateiultaGell.
1084 2835 1162 2887 Noct.
1171 2836 1226 2887 Att.
1234 2836 1252 2887 l.
1262 2854 1300 2901 1x,
1308 2856 1364 2908 cap.

294 2932 348 2965 una
368 2912 436 2963 turri
458 2910 493 2962 ad
515 2912 593 2963 aliam
613 2911 758 2981 porrectae,
777 2926 808 2963 ut
856 2922 921 2975 1‚et
933 2913 1125 2965 nonnullorum
1138 2916 1251 2985 scripte,
1259 2935 1316 2969 non
1328 2930 1367 2971 est

294 2992 379 3045 veluti
385 2992 413 3042 in
419 3003 502 3062 ponte
509 2991 620 3050 ¹transiri
626 2992 709 3061 possit
715 3011 748 3046 ex
758 2992 807 3043 alia
849 2988 953 3041 firmata
968 2994 1123 3047 auctoritate
1136 2993 1214 3047 codd.
1224 3010 1366 3067 ;praeterea

293 3072 323 3125 in
333 3071 420 3124 aliem.
431 3070 474 3123 Sic
484 3072 683 3141 conjunguntur
688 3084 783 3125 turres.
850 3070 978 3124 uonbene
985 3074 1172 3143 congruitcunr
1178 3075 1365 3146 sequentibus:

336 3152 363 3205 8.
382 3152 490 3219 Quorum
501 3152 605 3217 frontes.
622 3151 727 3203 Scilicet
746 3170 807 3223 pars
850 3150 914 3201 alter
925 3154 966 3219 qui
974 3156 1075 3223 propior
1087 3154 1190 3217 bostem,
1205 3167 1251 3207 etc.
1261 3157 1366 3221 Quibus

294 3230 412 3287 anterior
421 3230 511 3301 pontis
523 3232 661 3301 cujusque.
850 3227 884 3281 de
900 3232 983 3283 carreis
1003 3226 1081 3285 codd.
1099 3234 1263 3305 optimorum
1277 3237 1366 3289 lectio·

336 3311 486 3380 9.·Vimineu
502 3310 610 3363 loricula.
625 3310 696 3363 Vide
711 3329 806 3381 supra,
850 3311 1079 3369 nemretineo.lta
1091 3313 1364 3387 igiturquatriplicem

292 3411 326 3457 v,
340 3410 398 3461 cap.
414 3396 461 3453 40.
510 3411 513 3423 ·
850 3390 930 3441 offert
957 3389 1139 3445 defensionem
1162 3394 1362 3449 istamunitio.

337 3489 383 3523 ro.
401 3471 437 3521 Ut
453 3469 484 3520 al
501 3470 606 3521 hostibus
621 3468 712 3539 diplici
719 3472 804 3538 sessa,
855 3458 1060 3536 1⁰Duaslossas3
1071 3461 1204 3525 n⁰vallum
1216 3473 1363 3547 duplicem:

293 3551 385 3620 duplici
389 3561 595 3619 propugnatorum
602 3550 685 3601 ordine
697 3551 808 3617 defende·
850 3567 913 3599 nam
926 3561 1011 3603 turres
1024 3553 1150 3622 pontibus
1164 3556 1263 3625 junctae
1276 3554 1363 3627 dupli·

216 3682 219 3687 ,
294 3630 419 3683 retur.Et
442 3629 570 3681 hocloco
585 3648 680 3699 magna
695 3631 807 3683 varietas
850 3646 908 3679 cem
921 3628 1044 3683 ordinem
1054 3633 1215 3701 praebebant.
1225 3635 1363 3689 Nihiltex·

293 3709 417 3762 lectionis
430 3709 506 3761 inest.
523 3707 638 3761 Codices
654 3710 759 3762 Currar.
781 3724 807 3763 et
851 3721 879 3760 tu
896 3708 978 3761 Hirtii
992 3711 1097 3764 clarius.

294 3789 403 3842 Norvic.
423 3790 549 3858 Bongars.
560 3790 637 3841 Voss.
652 3789 742 3842 Petav.
753 3791 806 3841 Lo·
893 3807 938 3859 rr.
956 3791 1114 3845 Permitteret.
1125 3793 1268 3845 Per-mittere
1280 3795 1365 3848 effice·

292 3888 352 3923 ven.
366 3866 498 3938 Egrnond.
506 3869 589 3920 Dorv.
597 3866 806 3923 Leid.sec.tert.:
850 3866 906 3919 cius
917 3886 997 3940 quam
1007 3874 1098 3922 mittere
1105 3909 1113 3936 ,
1120 3870 1154 3923 ad
1161 3872 1311 3927 notandum
1321 3875 1364 3928 teli

295 3948 369 4001 Urci
382 3948 486 3999 hostibus
501 3948 593 4018 duplici
599 3955 806 4019 propugnatorum
848 3948 964 4019 jactum,
980 3962 1011 4001 ut
1023 3951 1175 4022 pertingant
1188 3954 1240 4005 tela
1256 3954 1291 4008 ad
1306 3956 1364 4007 hoo

292 4028 567 4094 crdiuedefeudereutur.
579 4028 640 4080 Non
647 4030 806 4083 melecerte:
850 4039 896 4079 tes.
911 4027 955 4093 Sic
970 4030 1070 4083 Lucan.
1084 4032 1103 4083 l.
1118 4050 1162 4097 rr,
1179 4034 1234 4086 651
1247 4054 1263 4087 .:

290 4106 338 4159 sed
350 4108 448 4160 rectius
456 4120 546 4159 noster
555 4106 614 4160 cod.
630 4110 804 4181 antiquissim.
850 4110 904 4155 Non
915 4112 993 4171 potuit
1003 4113 1052 4158 nati
1060 4114 1139 4159 Tellus
1150 4116 1287 4175 permittere
1297 4117 1362 4164 vires

293 4185 368 4258 5763
379 4205 385 4239 :
398 4187 433 4239 Ut
447 4187 478 4239 ab
492 4188 612 4253 hostibus,
628 4189 720 4260 duplici
723 4192 805 4258 fossa,
850 4193 974 4257 nonnulli
985 4196 1240 4265 promitteretiliale.
1261 4242 1265 4251 .
