3000 5034
289 480 368 567 416
440 483 480 550 c.
507 482 655 550 tuum
683 480 924 549 casinis
952 446 1242 549 commuue.
1339 506 1345 521 ,

343 614 422 682 Vll.
444 612 505 680 His
530 612 634 705 copiis
658 612 801 699 coactis,
833 610 875 679 ad
899 607 1093 681 Bellovacos
1126 607 1370 704 proficiscitur,

290 721 473 813 castrisque
493 720 528 785 in
550 742 667 786 eorum
695 716 817 785 finibus
845 717 979 811 positia,
1000 718 1148 810 equitum
1169 731 1298 784 turmas
1320 713 1370 782 di-

291 826 444 909 mittitiu
465 848 582 893 omnes
600 838 711 919 partes
729 822 771 891 ad
794 823 919 918 aliquos
936 822 1164 919 excipiendos,
1185 846 1227 890 ex
1248 821 1371 915 quibus

291 930 439 1001 hostium
457 928 594 1000 consilia
614 944 839 1024 cognosceret.
861 931 1017 1025 Equites,
1039 928 1152 998 officio
1173 927 1300 1016 fimeti,
1324 952 1372 996 re·

291 1039 471 1125 nunciant,
492 1061 618 1132 paucos
643 1038 679 1104 in
709 1035 854 1105 aedificiis
881 1060 952 1105 esse
973 1036 1142 1123 inventos,
1165 1049 1264 1129 atque
1286 1034 1372 1121 hos,

292 1168 362 1213 non
374 1146 431 1237 qui
442 1163 601 1237 agrorum
618 1142 836 1211 colendorum
851 1141 966 1213 causa¹
989 1143 1238 1229 remansissent,
1256 1130 1372 1228 (nam-

291 1274 358 1343 que
378 1274 449 1319 esse
470 1249 616 1343 undique
635 1248 808 1343 diligenter
826 1249 1047 1343 demigratum
1058 1241 1089 1339 ,)
1107 1247 1165 1317 sed
1183 1249 1239 1341 qui
1258 1270 1374 1341 specu·

292 1353 383 1425 laudi
394 1357 500 1451 gratia
512 1371 622 1424 essent
636 1357 815 1429 remissid
828 1356 948 1450 quibus
957 1380 1061 1451 quum
1073 1368 1235 1450 quaereret
1247 1356 1374 1441 Caesar,

291 1486 360 1556 quo
378 1462 453 1532 loco
469 1460 648 1531 multitudo
661 1476 748 1531 esset
759 1460 1031 1551 Bellovacorum,
1045 1460 1177 1557 quodve
1192 1472 1279 1529 esset
1291 1484 1372 1529 con·

291 1566 401 1637 silium
427 1593 562 1657 eorum,
588 1569 796 1657 inveniebat,
818 1568 1012 1639 Bellovacos
1038 1592 1169 1657 omnes,
1190 1567 1248 1662 qui
1278 1590 1374 1635 arma

291 1674 379 1745 ferre
401 1690 554 1770 possent,
575 1676 609 1743 in
630 1700 737 1744 unum
762 1674 873 1745 locum
894 1677 1106 1764 convenisse;
1123 1676 1269 1768 itemque
1290 1674 1372 1743 Am·

292 1780 426 1869 bianos,
444 1780 622 1871 Aulercos,
634 1780 787 1869 Caletos,
808 1780 1044 1871 Velocasses',
1061 1781 1236 1851 Atrebates
1256 1778 1371 1850 locum

292 1890 409 1957 castris
426 1886 613 1975 excelsum,
630 1889 664 1956 in
684 1886 766 1957 silva
787 1888 994 1959 circumdata
1014 1873 1171 1985 palude³,
1191 1886 1373 1984 delegisse3

294 1996 407 2061 omnia
433 1993 669 2089 impedimenta
689 1994 724 2061 in
745 1991 918 2079 ulteriores
939 1994 1037 2066 silvas
1059 1993 1257 2082 contulisse3
1280 2019 1372 2064 com·

293 2095 406 2195 plures
415 2124 486 2168 esse
495 2100 662 2194 principes
671 2098 748 2169 belli
759 2115 929 2190 auctores,
943 2101 1002 2172 sed
1013 2101 1259 2171 multitudinem
1272 2102 1374 2171 maxi

294 2230 350 2273 mc
366 2208 494 2275 Correo
508 2205 762 2301 obtemperare,
773 2201 863 2302 quod
876 2210 907 2276 ei
922 2234 1053 2279 summo
1071 2233 1142 2278 esse
1154 2207 1231 2277 odio
1248 2220 1373 2277 nome'n

294 2310 410 2406 populi
435 2314 564 2380 romani
587 2310 840 2402 intellexissent5
861 2317 975 2409 paucis
1003 2330 1080 2385 ante
1110 2312 1225 2384 diebus
1252 2308 1294 2384 eii
1321 2316 1372 2387 his

294 2539 377 2593 veluti
391 2540 494 2593 fulmen
508 2541 625 2594 tonantis
640 2542 715 2593 Jovis
727 2560 810 2593 manu
898 2546 963 2599 Mn
969 2546 1031 2599 silva
1039 2544 1185 2597 circumdata
1194 2526 1371 2616 paludem:

295 2620 572 2686 missum‚inhostem
587 2620 769 2692 improvidum
785 2634 811 2677 et
856 2624 957 2678 tionem
982 2624 1053 2678 hanc
1074 2625 1192 2678 absolute
1212 2628 1318 2680 confeci
1340 2648 1371 2683 ex

288 2699 747 2771 .inopinantemeaderent,acillum
755 2701 811 2771 pri·
855 2706 953 2758 nostris
968 2704 1048 2758 codd.
1062 2724 1133 2777 regg.
1150 2706 1225 2776 5763
1239 2720 1266 2761 et
1277 2708 1371 2779 5764,

295 2798 341 2831 mo
349 2798 480 2833 concursu
487 2779 611 2832 territum
621 2777 727 2831 obsides
737 2792 764 2832 et
773 2798 813 2832 ar·
856 2796 928 2837 etex
942 2786 1067 2838 omnibus
1082 2783 1161 2838 codd.
1179 2799 1258 2857 atque
1273 2786 1371 2843 editio·

295 2877 339 2914 ma
355 2858 460 2911 tradem
485 2871 617 2930 cogerent.
856 2863 936 2917 nibus
950 2865 1054 2936 primis,
1071 2866 1119 2937 qui
1128 2864 1262 2937 vulgatam
1277 2868 1371 2923 lectio·

336 2938 576 2991 Car.VH.1.Non
588 2941 631 3009 qui
642 2956 757 3007 agrorum
769 2958 810 2989 eo·
854 2962 917 2997 nem
924 2944 1058 2998 exhibent.
1066 2946 1151 2999 Porro
1164 2946 1263 3018 vulgat.
1273 2946 1370 3003 habet:

296 3017 420 3069 lendomm
436 3036 517 3069 causa.
531 3018 639 3087 Vulgat.
655 3018 737 3070 habet
748 3023 812 3069 inco·
854 3024 944 3076 houm
959 3029 1044 3076 castris
1059 3026 1186 3087 excelsum,
1200 3028 1370 3098 impedituri»

296 3097 433 3161 lendqwn,
451 3095 524 3167 quod
544 3097 738 3167 aliquantulum
758 3096 810 3149 dif—
855 3105 991 3156 cumdatum
1003 3104 1102 3177 palude.
1121 3106 1184 3157 Non
1204 3107 1273 3160 male
1288 3127 1295 3161 :
1309 3129 1371 3163 nam

295 3172 355 3233 tert.
367 3176 463 3230 Sensus
475 3188 641 3247 esttpaucos
650 3177 679 3228 in
694 3176 811 3229 edificiis
851 3185 965 3253 paludem
994 3186 1130 3255 impeditam
1159 3186 1371 3243 inextricabilem

295 3275 351 3310 esse
363 3256 500 3321 inventos,
514 3273 570 3308 non
585 3255 695 3337 quidem
707 3256 810 3326 agrico-
855 3261 909 3315 dici
923 3282 1000 3335 posse
1015 3260 1119 3319 constat
1133 3266 1196 3318 exl.
1209 3286 1305 3333 v11,c.
1326 3289 1370 3340 19,

295 3338 419 3390 lasznam
425 3335 546 3407 undique
554 3334 732 3407 demigratum
738 3350 809 3402 erat,
854 3354 881 3395 et
896 3362 974 3397 exeo
993 3344 1051 3415 ipso
1063 3344 1134 3398 libro
1149 3363 1205 3417 cap.
1224 3356 1270 3413 14.
1288 3349 1371 3403 Pessi-

295 3415 343 3469 sed
357 3436 403 3469 eos
412 3429 515 3469 tentum
529 3417 576 3486 qui
585 3413 739 3486 speculandi
750 3434 810 3487 gra·
854 3440 897 3475 ma
907 3442 972 3476 vero
978 3423 1058 3477 lectio
1068 3436 1108 3477 est
1114 3444 1145 3477 ea
1156 3444 1237 3497 quam
1248 3412 1372 3501 praetule-⁸

296 3497 348 3561 tia,
360 3510 411 3549 etc.
423 3496 520 3549 &usus
529 3495 578 3549 iste
590 3507 696 3565 apertus
711 3507 770 3547 est:
785 3508 811 3548 at
854 3516 917 3555 runt
933 3502 1157 3579 Oudendorpius,
1169 3504 1331 3574 Oberlinus,
1344 3522 1371 3563 et

295 3576 610 3631 cumtoceincoleudorwn
620 3574 810 3629 litobseurior:
854 3580 914 3635 edd.
925 3583 1032 3653 Bipont.
1043 3586 1132 3636 Locum
1138 3590 1223 3637 castrii
1235 3582 1375 3653 excelsum,

243 3673 249 3677 '
295 3675 359 3709 mm
371 3653 552 3707 Wokwidem
561 3653 682 3725 estquod
691 3655 808 3708 habitare.
854 3666 879 3713 in
895 3663 964 3733 syloa
984 3664 1098 3734 impedita
1113 3666 1286 3721 cir-cumdum
1298 3670 1371 3741 palu.

295 3736 406 3808 Optima
418 3749 458 3788 est
473 3735 555 3805 igitur
569 3734 649 3787 lectio
662 3732 740 3787 codd.
755 3754 810 3787 om·
853 3742 891 3796 dc.
904 3742 992 3807 Quam
1007 3743 1158 3815 languidius
1173 3746 1207 3798 sit
1222 3751 1251 3802 τὸ
1269 3753 1369 3803 circim-

294 3815 493 3882 nium,duobue
504 3828 609 3867 tantum
621 3816 749 3885 exceptis,
763 3816 809 3886 qui
853 3822 953 3886 datum,
969 3834 1106 3895 tantopere
1120 3842 1135 3876 a
1148 3844 1196 3878 suo
1203 3828 1370 3883 substantivo

294 3897 394 3973 halrent
409 3894 592 3947 incolendum.
607 3893 658 3946 Cui
667 3895 727 3969 voci
741 3914 810 3947 eam·
854 3901 1012 3973 locumaquo
1023 3905 1125 3975 regitur
1131 3910 1330 3974 remotum,vel
1339 3910 1370 3963 ti·

294 3976 357 4031 dem
372 3993 402 4028 rc
420 3975 571 4029 mendam
589 3974 810 4052 significationem
853 3980 1029 4035 ronicuilihet
1036 3986 1182 4055 apparebit.
1190 3985 1368 4043 Nostramve-

295 4055 411 4127 gratuito
425 4052 596 4107 commodant
611 4055 776 4127 interpretes.
853 4078 885 4113 ro
902 4062 1065 4130 lectionem,
1085 4066 1143 4117 t'um
1162 4066 1368 4137 simpliciorem,

338 4156 364 4190 o.
385 4135 531 4188 Velocasses.
556 4132 629 4187 Vide
642 4134 730 4190 indic.
746 4156 808 4209 geo·
853 4154 911 4191 tum
924 4143 993 4214 stylo
1007 4144 1154 4196 Casariano
1166 4138 1368 4203 convenientio-

294 4214 459 4291 graphicum.
472 4215 541 4280 Alii-3
558 4217 723 4269 Veliocasses.
853 4238 910 4275 rem
921 4240 975 4275 esse
984 4242 1063 4278 nemo
1073 4223 1173 4279 inficias
1182 4224 1239 4281 ibit.
