3000 5034
289 546 318 595 „2
642 527 975 599 'EPISTOLA
1034 525 1038 528 ’

294 713 311 748 a
328 684 456 782 Stirpis
474 684 688 774 Borboniae3
709 685 803 756 nihil
822 685 884 757 illa
901 684 1003 762 triste
1024 693 1170 783 recepta
1191 711 1200 753 ε

294 848 311 881 «
327 822 377 888 Te
399 817 514 907 duce,
532 818 634 890 nulla
654 833 807 891 manent
831 819 965 891 veteris
985 819 1135 916 vestigia
1151 816 1290 904 luctus3

292 977 312 1014 a·
326 953 372 1021 Et
392 947 549 1032 fecunda
568 953 642 1026 tuis
659 977 741 1052 quae
764 952 880 1050 surgit
897 953 937 1024 in
959 948 1098 1023 aedibus
1118 948 1247 1038 arbor,

291 1066 516 1183 «Speratum
537 1083 731 1158 effundens
749 1107 929 1184 generoso
951 1109 972 1156 e
993 1084 1117 1182 stipite
1135 1105 1295 1171 ramum,

292 1219 557 1292 «Concordem
577 1223 731 1320 patriam
753 1245 881 1295 secura
902 1217 1135 1318 amplectitur
1154 1216 1296 1293 umbra.
1319 1224 1384 1284 »³¹

292 1490 419 1562 Omnis
437 1489 572 1563 adhoc
594 1505 724 1565 votum
746 1494 901 1592 assurgit
924 1516 1013 1591 gens
1031 1490 1189 1562 Classica
1206 1489 1321 1577 votis;

288 1622 401 1695 Ardet
416 1625 576 1723 'quisque
598 1623 666 1695 tibi
688 1626 822 1696 similes
842 1644 1058 1720 expromere
1077 1645 1227 1710 seusus;

289 1751 360 1824 Sed
380 1751 447 1824 tibi
472 1780 519 1826 ne
545 1755 654 1825 lassas
679 1754 845 1852 repetitis
867 1751 1037 1824 cantibus
1059 1775 1166 1823 aures

289 1882 508 1973 Obtuderit,
527 1885 586 1955 lex
607 1898 714 1983 pacta
736 1882 825 1974 fuit,
844 1910 918 1983 qua
938 1884 1110 1982 protinus
1130 1907 1248 1953 unum

287 2020 343 2087 De
366 2019 507 2090 cunctis
522 2017 705 2116 legerent,
725 2018 793 2090 tibi
810 2020 876 2117 qui
899 2002 1041 2093 sincera
1056 2016 1223 2106 locutus,

287 2148 403 2216 Carus
426 2161 463 2217 et
484 2163 569 2219 ante
586 2147 697 2239 alios,
717 2149 807 2220 dum
826 2164 954 2223 caetera
975 2148 1084 2222 turba
1104 2149 1242 2240 silebit,

287 2276 462 2376 Impleret
484 2278 604 2377 dignis
628 2280 758 2356 orandi
780 2283 908 2353 munia
928 2281 1059 2354 verbis.

287 2410 435 2483 Flaccus
457 2413 577 2504 adest,
602 2429 639 2486 et
661 2415 766 2514 quod
787 2417 976 2488 Musarum
993 2418 1063 2488 rite
1082 2415 1255 2493 sacerdos

288 2549 519 2645 Conceptum
540 2550 651 2647 spirat
673 2547 834 2622 facundo
857 2564 1007 2648 pectore
1029 2547 1232 2637 Pboebum3

286 2677 333 2747 Et
353 2676 456 2776 quod
474 2679 703 2779 principibus
723 2705 888 2778 semper,
911 2680 1016 2778 quod
1032 2677 1131 2750 fidus
1153 2680 1295 2768 amieis,

286 2806 464 2881 Auditum
486 2811 603 2912 ⁴voluit
625 2814 767 2885 miseris
788 2812 890 2884 hunc
907 2837 1068 2911 pangere
1083 2837 1255 2891 versum:

288 2971 305 3007 «
326 2945 458 3014 Coram
479 2947 577 3042 Rege
597 2967 664 3017 suo
685 2945 731 3018 de
753 2959 969 3045 paupertate
991 2959 1174 3035 tacentes,
1193 2957 1218 2986 ¹²

288 3074 404 3146 «Plus
422 3090 597 3173 poscente
618 3075 746 3149 ferent.
764 3079 886 3151 »Ideo
908 3080 960 3151 sic
981 3105 1045 3151 ore
1064 3091 1175 3177 poeta

288 3208 421 3306 Incipit
444 3235 456 3277 :·
475 3237 497 3274 <c
512 3206 711 3281 Absentem
733 3212 888 3283 nimium
909 3226 964 3301 tc,
981 3216 1068 3284 Dux
1088 3211 1205 3299 bone,
1226 3207 1325 3280 Galli

289 3339 583 3440 «Ominibusque
596 3343 945 3443 suis,precibusque,
953 3345 1158 3443 animisque
1169 3340 1366 3414 vocabant:

289 3478 368 3545 «Te
389 3488 588 3571 praesente,
611 3474 689 3547 dics
711 3476 825 3550 Gallis
844 3475 1078 3574 tranquillior
1098 3472 1186 3563 ibit,

290 3610 368 3676 «Et
389 3607 475 3703 puri
495 3604 588 3677 soles
609 3607 751 3678 meliori
771 3608 851 3678 luce
873 3605 1057 3679 nitebunt.
1291 3591 1293 3597 ¹

291 3742 381 3808 «Tu
402 3752 507 3836 pater
529 3751 566 3811 et
587 3740 759 3837 princeps
777 3737 901 3828 audis3
924 3736 992 3809 tibi
1016 3737 1132 3811 Gallia
1151 3737 1313 3836 plaudit,
1420 3800 1424 3824 ,

292 3870 438 3965 «Cujus
457 3893 560 3941 amor
579 3895 664 3942 vera
687 3885 741 3942 est
760 3895 890 3969 regum
911 3869 1026 3942 tutela
1046 3842 1243 3942 bonorum.

292 4033 309 4068 a
327 4003 364 4072 Si
386 4025 481 4100 quos
498 4000 592 4073 forte
613 4017 740 4074 tamen
760 4016 797 4075 te
815 4015 943 4075 contra
961 4003 1150 4074 immiserit
1171 4002 1308 4100 hydros

293 4135 486 4208 «Turbida
505 4133 656 4225 seditio,
679 4150 724 4210 tu
742 4133 831 4217 forti
850 4151 1001 4236 pectore
1022 4136 1173 4224 vinces,
