3000 5034
291 487 335 535 10
425 466 462 532 C.
492 465 645 536 JULII.
670 455 907 536 CAESARIS
941 465 1215 535 COMMENT.

284 617 413 690 agrum*
426 599 587 668 Noricum
608 599 826 684 transierant,
847 583 1375 693 Noreirimque⁸oppngnarant,'

282 711 433 799 receptos
450 704 494 772 ad
516 730 550 773 se
569 707 675 775 socios
695 705 757 774 sihi
778 705 1001 782 adsciscunt

334 804 393 880 Vl.
410 814 517 880 Erant
527 814 664 881 omnino
677 815 796 883 itinera
811 811 879 882 duo
892 811 915 900 ¹,
928 811 1050 906 quibus
1066 811 1239 880 itineribus
1253 812 1357 880 domo

280 919 369 986 exire
383 933 539 1012 possent:
556 923 661 989 unum
677 944 736 1013 per
753 921 942 1012 Sequanos,
957 933 1135 1012 angustum
1153 933 1187 986 et
1203 918 1355 1006 difficile,
1404 920 1412 927 ’

279 1027 366 1093 inter
379 1039 526 1094 montem
540 1030 656 1094 Juram
674 1039 707 1094 et
725 1025 850 1094 llumen
868 1025 1102 1112 Rhodanum²,
1114 1026 1172 1092 vix
1183 1010 1271 1118 qua³
1287 1027 1353 1094 sin-

279 1130 347 1225 guli
363 1133 449 1202 carri
463 1132 682 1225 ducerentur3
696 1158 793 1202 mons
808 1147 920 1202 autem
932 1131 1109 1210 altissimus
1122 1130 1354 1225 impendebat,

278 1252 317 1335 ut
339 1237 434 1307 facile
456 1241 615 1334 perpauci
641 1239 821 1334 prohibere
846 1254 1007 1334 possent:
1028 1237 1169 1308 alterurn
1191 1263 1250 1331 per
1271 1239 1352 1306 Pro·
1450 1323 1459 1337 .

278 1345 422 1414 vinciam
447 1361 614 1433 nostram,
633 1345 740 1418 multo
759 1345 887 1416 facilins
912 1360 1011 1440 atque
1031 1345 1234 1440 expeditius,
1251 1369 1353 1438 prop-

276 1467 368 1520 terea
392 1453 482 1547 quod
510 1452 741 1522 Helvetiorum
769 1455 857 1523 inter
881 1453 964 1522 fines
985 1468 1020 1520 et
1044 1451 1280 1544 Allobrogum,
1296 1451 1354 1543 qui

276 1583 384 1654 nuper
398 1561 508 1654 pacati
524 1573 619 1630 erant
630 1549 654 1648 Δ,
672 1561 857 1632 Rhodanus
874 1560 965 1646 lluit,
979 1560 1071 1650 isque
1086 1555 1254 1628 nonnullis
1271 1555 1353 1627 locis

316 1745 343 1796 8.
364 1745 488 1798 Noreiam.
510 1745 550 1796 Ita
567 1741 671 1796 codices
692 1743 789 1814 optimi
832 1741 967 1794 multoties
988 1751 1082 1792 testem
1108 1739 1215 1792 invocat
1240 1739 1353 1792 Oberlin

209 1893 212 1902 1
275 1835 303 1876 et
317 1836 412 1876 vetust.
430 1836 457 1876 et
472 1825 583 1893 interpr.
599 1841 674 1893 graec.
689 1822 717 1873 in
734 1839 788 1892 quo
831 1821 860 1872 in
877 1840 924 1872 sua
944 1815 1007 1872 edit.
1029 1820 1170 1892 Lipsiana,
1183 1820 1246 1871 anni
1262 1820 1352 1885 18053

274 1905 400 1972 No'pni'as,
422 1915 449 1956 et
472 1903 660 1972 Peutingerina
686 1902 786 1956 tabula.
832 1902 930 1956 frustra
945 1899 1034 1966 idem,
1044 1901 1171 1971 inquam,
1182 1919 1215 1951 ex
1230 1898 1353 1952 Christo·

274 1983 344 2036 lllale
365 1982 447 2053 igitur
473 1983 618 2035 Glareanus
637 1994 663 2034 et
676 1981 787 2051 vulgatt.
831 1981 918 2053 pharo
934 1981 1026 2042 Clusio
1044 1981 1074 2034 in
1089 1980 1223 2035 Probabil.
1238 1979 1352 2045 criticis,

274 2061 335 2114 edd.
355 2063 479 2114 Noricam.
497 2064 537 2114 Ita
560 2062 696 2114 Cellarius.
712 2059 789 2112 Idem
832 2081 859 2134 p.
880 2065 967 2114 16-20
982 2060 1034 2132 legi
1047 2062 1106 2120 vult
1121 2061 1237 2112 Rhenum.
1250 2061 1291 2111 De
1301 2059 1352 2110 isto

273 2141 659 2214 duasurbesagnoseitNoreias
667 2141 789 2206 nornine3
834 2141 959 2206 flumine,
978 2141 1124 2207 hocloco,
1146 2140 1219 2191 nulla
1240 2139 1352 2210 questio

272 2241 355 2276 unam
377 2223 409 2274 in'
424 2223 523 2275 Norico
543 2240 622 2293 agro,
635 2222 743 2275 alteram
760 2221 788 2274 in
833 2240 889 2276 esse
909 2234 1013 2293 potest,
1034 2241 1097 2275 cum
1121 2221 1172 2272 iter
1195 2214 1353 2274 facientibus

273 2303 375 2356 Carnis.
387 2303 503 2368 Illannert
512 2301 633 2356 eamdem
641 2322 696 2356 esse
703 2314 788 2377 putat.
833 2302 961 2359 Helvetiis
974 2321 1024 2373 per
1039 2299 1208 2355 Provinciam
1222 2299 1352 2352 inSanto·

318 2403 344 2451 9.
356 2382 403 2436 Ad
412 2405 436 2435 se
448 2387 523 2435 socios
535 2383 679 2434 adsciscunt.
691 2381 724 2434 Id
736 2394 789 2448 est,
833 2401 880 2435 nes
892 2383 966 2434 nulla
976 2383 1026 2433 viae
1036 2383 1105 2433 ratio
1116 2399 1172 2433 esse
1181 2391 1269 2451 posset
1279 2390 1352 2430 tram

273 2463 372 2517 foedere
384 2483 431 2517 eos
447 2463 498 2516 sibi
510 2463 595 2516 socios
608 2465 731 2536 jungunt.
741 2465 792 2514 Re·
834 2463 973 2528 Rhenum,
989 2473 1015 2514 et
1028 2481 1077 2532 per
1092 2464 1224 2512 Rauracos
1235 2475 1351 2528 campos.

272 2545 376 2616 cipiunt
388 2565 432 2598 eos
449 2543 532 2611 adse,
542 2556 569 2597 et
581 2543 690 2614 quidem
705 2544 742 2596 ita
756 2541 791 2595 ad
833 2543 927 2595 Lectio
942 2541 1021 2594 codd.
1037 2541 1119 2611 igitur
1132 2535 1260 2590 servanda
1273 2549 1321 2590 est.

272 2644 300 2677 se
310 2626 456 2698 recipiunt,
468 2625 518 2678 sibi
528 2623 690 2690 adsciscunt,
703 2636 733 2676 ut
746 2642 790 2675 eos
876 2623 902 2674 3.
925 2623 955 2673 V
951 2627 977 2672 ia
992 2637 1047 2691 qua.
1064 2616 1183 2670 Subaudi
1196 2628 1289 2687 parte,
1302 2634 1352 2669 sen

237 2701 239 2708 ¹
273 2705 388 2758 habeant
401 2705 494 2758 socios.
509 2705 584 2756 Mon.
833 2700 1059 2771 regioneVulgat.
1069 2717 1128 2769 quo,
1137 2695 1249 2749 subaud.
1257 2700 1350 2748 itinera.

222 2810 224 2815 ·
313 2785 437 2837 CanVI.
457 2785 578 2836 1.Erant
593 2785 688 2832 omnino
704 2785 791 2832 itinera
844 2787 902 2843 ’4.
924 2779 1010 2850 Nuper
1015 2781 1109 2849 pacati.
1121 2773 1353 2847 Seil.aC.Pomp·
1448 2818 1451 2822 Δ

273 2862 329 2916 dno.
347 2863 515 2915 Rh'ellieanus
531 2861 667 2913 Helvetius
681 2860 729 2912 has
742 2879 791 2912 an·
834 2859 902 2912 tinio
918 2860 1042 2910 Praetore.
1051 2891 1093 2900 -
1103 2857 1271 2927 Allobroges,
1285 2867 1352 2908 teste

273 2943 370 3014 gustias
386 2963 400 2994 a
414 2943 497 2994 Gallis
509 2954 535 2994 et
548 2962 561 2993 a
574 2941 714 2992 Germanis
726 2940 791 2993 Clu·
834 2940 1093 3008 strabone‚t.1v,‚p.
1108 2939 1161 2990 186
1171 2975 1180 3002 ,
1191 2955 1252 2988 eum
1260 2936 1352 2988 multis

273 3041 312 3075 sas
333 3016 377 3083 (le
391 3043 438 3094 pas
454 3023 484 3073 de
503 3024 528 3073 la
550 3016 643 3081 Clare)
664 3019 791 3091 appellari
834 3019 975 3071 hominurn
995 3018 1112 3071 millibus
1123 3017 1152 3069 in
1164 3017 1353 3070 alienasterras

273 3101 386 3174 scripsit.
403 3102 550 3154 Glareanus
564 3119 641 3166 vero,
654 3100 792 3152 Helvetius
835 3099 971 3172 qnondam
994 3097 1175 3170 expeditiones
1198 3113 1351 3166 suscepere3

273 3194 300 3233 et
311 3182 460 3254 ipse‚negat
471 3201 525 3236 esse
533 3201 563 3234 ea
570 3193 675 3233 tantum
686 3181 791 3246 itinera,
835 3179 908 3232 unde
921 3199 1021 3232 nomen
1031 3179 1095 3252 ipsis
1109 3177 1203 3230 datum
1213 3176 1292 3229 fuisse
1307 3193 1352 3247 ap·

272 3274 300 3314 et
315 3263 412 3316 multos
425 3275 515 3334 patere
529 3262 614 3316 exitus
622 3260 688 3314 dicit
699 3279 706 3313 :
719 3260 792 3313 unde
814 3308 816 3318 ,
834 3273 929 3332 paret:
942 3261 1042 3314 Celtica
1055 3259 1127 3312 enim
1142 3259 1234 3328 lingua
1248 3256 1286 3306 all
1298 3255 1351 3325 sig-

274 3343 382 3417 conjicit
395 3345 465 3396 hone
479 3343 616 3416 regionem
628 3341 722 3395 auditu
732 3353 792 3394 tan-
835 3342 927 3394 nifieat
937 3343 1010 3404 adias,
1023 3353 1050 3393 et
1059 3340 1125 3401 Bra,
1138 3357 1184 3391 seu
1191 3337 1349 3405 Bmg,terra,

274 3436 331 3477 turn
347 3425 426 3477 fuisse
437 3437 526 3482 notam
533 3423 724 3495 Caesari‚quam
735 3421 793 3495 ipse
836 3421 911 3494 quasi
923 3419 1077 3474 dicerentur
1087 3437 1119 3471 ex
1133 3419 1186 3470 alio
1194 3417 1254 3467 loeo
1266 3428 1353 3467 mans·

274 3524 329 3556 non
342 3504 448 3559 viderit.
459 3505 530 3560 Gon.
835 3503 891 3555 lati.
903 3497 986 3564 (Vid.
1006 3501 1120 3569 Origines
1137 3497 1279 3558 Ganloises,
1289 3513 1351 3564 pag.

317 3606 342 3638 2.
364 3587 415 3638 Per
432 3587 570 3660 Sequanos,
592 3584 753 3636 interieram
769 3595 794 3635 et
840 3584 912 3647 184,
927 3592 1034 3634 auctore
1052 3577 1149 3630 illustri
1167 3576 1226 3627 viro
1241 3573 1352 3625 militari

275 3666 426 3717 Rhodanum.
448 3667 556 3718 Graeens
577 3666 659 3716 habet
680 3663 732 3715 llari
751 3667 792 3715 τοῦ
836 3661 867 3711 de
878 3663 903 3711 la
918 3662 985 3712 Tour
994 3651 1171 3725 d'Auvergne).
1183 3653 1254 3706 Huic
1268 3654 1352 3724 expli-

275 3735 351 3801 itin
363 3765 452 3798 errore
464 3745 611 3797 manifesto.
621 3743 729 3794 Frustra
739 3743 793 3794 lec·
833 3739 931 3793 cationi
953 3736 1085 3790 consentit
1102 3733 1252 3788 scholiastes
1270 3735 1351 3786 Inre-

276 3826 377 3884 tiouem
397 3827 452 3897 ejus
472 3818 542 3877 tueri
559 3823 670 3875 tentarit
689 3821 794 3874 Samuel
832 3819 900 3872 nalis
920 3816 954 3870 ad
969 3828 1017 3909 apt.
1031 3833 1099 3880 vm,
1115 3833 1141 3866 v.
1161 3813 1233 3878 233,
1250 3808 1288 3876 (t.
1306 3814 1351 3878 II,

154 3973 158 3980 Ι
185 3962 187 3966 ,
276 3905 431 3959 Franciscus
448 3903 595 3957 Nathanael
612 3903 717 3965 Morus,
733 3901 793 3972 qni,
832 3919 860 3971 p.
878 3917 934 3968 ²97
946 3895 1071 3968 editionis
1084 3891 1195 3958 nostrae)
1207 3896 1283 3964 cujus
1294 3893 1352 3944 brec

277 4004 347 4037 anno
364 3985 507 4056 superioris
523 3980 792 4052 saecnlioctogesimo,
833 3980 915 4033 verba
930 3989 992 4030 sunt
1009 3994 1015 4029 :
1031 3976 1090 4029 Ideo
1105 3985 1185 4027 autem
1200 3973 1261 4025 draci
1274 3972 1350 4026 Atto.

235 4119 238 4124 ,
276 4063 422 4116 editionem
432 4065 462 4118 C.
473 4065 526 4118 Jul.
536 4062 646 4117 Caesaris
660 4079 794 4114 commen·
833 4059 929 4129 bingae,
947 4061 1057 4129 quoniam
1072 4059 1161 4127 hrogae
1179 4053 1251 4108 Galli
1264 4072 1350 4121 agrum

277 4144 423 4210 terimam,
438 4151 453 4197 a
467 4143 582 4198 Cellario
598 4141 735 4214 aliquoties
750 4159 794 4193 re·
833 4140 924 4202 ditum,
933 4139 985 4190 alla
995 4149 1074 4190 autem
1082 4136 1157 4189 aliud.
1168 4133 1274 4186 Rectius
1282 4133 1351 4184 forte

277 4225 400 4294 petitam,
410 4225 497 4278 emisit
508 4225 537 4276 in
547 4224 647 4286 lucem,
662 4240 795 4293 quemque
837 4220 960 4281 0·Bn'en,
970 4223 995 4272 in
1003 4219 1118 4272 Focabir
1127 4213 1288 4283 Gaoidlnilge
1297 4211 1352 4265 Sua
