3000 5034
594 487 772 558 NOTAE.
810 509 813 519 ’
1147 513 1222 565 xvir

182 621 235 680 15.
250 625 327 678 Acus
333 618 465 694 sutores.
484 617 604 690 Fulvia,
623 619 718 676 Marci
733 616 859 676 Antonii
873 617 1052 676 exsecranda
1066 639 1162 694 uxor,
1176 624 1224 680 vi-

136 719 205 778 rilis
226 717 353 776 audacia
373 715 498 786 mulier,
517 727 547 773 et
562 714 714 774 bellorum
730 715 864 774 civilium
879 733 968 794 pars,
984 735 1079 794 quum
1095 719 1224 778 recisum

136 817 292 876 Ciceronis
311 813 482 875 obtruncati
498 825 587 890 caput
609 813 748 872 manibus
770 825 905 884 teneret,
922 825 1055 873 exertam
1072 814 1154 874 illius
1173 837 1226 876 ore

137 914 290 993 linguam,
306 915 417 972 iterum
436 925 467 970 et
486 912 595 988 sapius
613 931 670 968 acu
690 931 782 969 aurea
800 910 981 990 pungendo,
1001 912 1135 992 trajicere
1151 933 1226 993 gau-

139 1009 242 1071 debat.

183 1138 233 1196 16.
254 1139 293 1194 Et
305 1154 372 1211 spes
384 1147 415 1191 et
426 1136 513 1190 ratio.
525 1177 531 1190 .
543 1175 549 1189 .
561 1176 586 1190 ..
601 1175 607 1188 .
624 1137 733 1192 Juveu.
752 1135 813 1192 Sat.
830 1135 903 1206 VII,
918 1153 948 1190 v.
969 1152 996 1190 r.

181 1282 231 1335 17.
252 1263 384 1318 Libertas
394 1261 513 1335 gratior
531 1271 625 1316 extat,
647 1257 831 1317 Claudianus
853 1257 892 1317 de
915 1258 1049 1317 secundo
1065 1261 1228 1320 Consulatu

139 1357 330 1429 Stilichonis,
344 1375 373 1414 v.
393 1365 459 1425 1¹4·

181 1483 229 1540 18.
255 1485 318 1538 Tuo
329 1477 426 1537 Pindo
437 1479 603 1536 excludere.
621 1477 796 1536 Lucretium
808 1489 838 1534 et
849 1478 1042 1550 Petronium,
1058 1479 1137 1538 inter
1151 1480 1230 1540 ctas·

139 1581 217 1639 sicos
239 1579 399 1656 scriptores
418 1577 475 1636 sibi
489 1576 619 1648 dicatos,
637 1576 793 1634 admittere
809 1574 909 1634 uoluit
929 1577 1100 1662 Ludovicus
1115 1583 1228 1638 XVIII.

181 1733 229 1784 ¹9·
238 1707 380 1760 Iuvenem
386 1701 691 1778 Delphinumfingere.
701 1700 875 1761 Lucretium
881 1701 1228 1780 Carum,quideRernm

136 1805 255 1862 Natura
265 1818 315 1860 sex
327 1795 492 1866 carminum
505 1798 600 1858 libros
610 1799 744 1877 scripsit,
755 1819 820 1858 nou
830 1799 940 1860 minori
950 1820 1039 1872 cura,
1052 1820 1143 1880 quam
1157 1822 1232 1880 qua·

135 1899 276 1978 dragiuta
300 1895 375 1956 alios
397 1907 551 1967 auctores,
572 1895 832 1974 interpretandum
854 1909 885 1956 et
908 1895 1122 1966 illustrandum
1139 1899 1230 1977 jussit

134 1998 311 2058 Ludovicus
327 1999 417 2067 xlv,
434 1997 479 2052 ad
491 2014 578 2054 usum
592 1996 776 2056 Serenam·
789 1996 944 2072 Delphini·

176 2143 230 2184 20.
248 2107 358 2180 Clntti
365 2120 517 2177 Sacerdos.
532 2119 795 2191 Anti-Lucretius,
806 2119 867 2177 sive
876 2119 915 2178 ‹le
923 2123 989 2179 Deo
998 2133 1030 2178 et
1038 2132 1147 2180 natura
1157 2121 1229 2180 libri

134 2239 267 2290 uorem,
286 2217 398 2296 quibus
422 2215 611 2288 Lucretium,
635 2217 760 2295 Epicuri
780 2218 952 2276 somniantis
974 2217 1175 2298 discipulum,
1198 2232 1239 2280 et·

134 2316 308 2375 Atheorum
329 2311 493 2373 auIIstitem
517 2313 626 2372 collato
653 2313 730 2392 pede
756 2313 944 2394 profligavit,
971 2316 1018 2374 vir
1042 2335 1104 2375 uon
1129 2316 1228 2376 solnm

135 2415 271 2474 maxima
283 2429 407 2489 poeseos
425 2409 530 2478 laude,
544 2410 648 2488 vigore
662 2411 790 2490 ingenii,
808 2424 838 2470 et
855 2408 889 2471 in
906 2413 1084 2492 gravissimis
1099 2418 1227 2494 Europa

14 2488 30 2568 11
133 2509 266 2591 negotiis
286 2507 446 2566 tractandis
470 2507 630 2586 prudentia
653 2507 851 2585 conspicuus,
869 2509 925 2572 sed
947 2510 1036 2568 etiam
1056 2511 1088 2570 iu
1103 2513 1246 2580 tutanda,

133 2609 304 2668 christianae
320 2605 473 2686 religionis
487 2625 574 2666 causa
589 2605 785 2684 suspiciosus,
800 2620 891 2687 atque
906 2611 1009 2667 omnia
1020 2621 1083 2667 tuta
1098 2608 1206 2668 timens
1212 2651 1224 2684 ,

132 2709 164 2766 S.
183 2710 223 2764 R.
242 2709 276 2768 E.
293 2703 460 2764 Cardinalis
475 2703 624 2762 Melchior
638 2705 676 2760 de
691 2701 845 2780 Polignoc.
