<?xml version="1.0" encoding="UTF-8"?>
<!DOCTYPE html PUBLIC "-//W3C//DTD XHTML 1.0 Transitional//EN"
    "http://www.w3.org/TR/xhtml1/DTD/xhtml1-transitional.dtd">
<html xmlns="http://www.w3.org/1999/xhtml" xml:lang="en" lang="en">
 <head>
  <title>
</title>
<meta http-equiv="Content-Type" content="text/html;charset=utf-8" />
  <meta name='ocr-system' content='tesseract 3.04.00' />
  <meta name='ocr-capabilities' content='ocr_page ocr_carea ocr_par ocr_line ocrx_word'/>
</head>
<body>
  <div class='ocr_page' id='page_1' title='image "./caiusjuliuscsar00caesgoog_0526.png"; bbox 0 0 3000 5034; ppageno 0'>
   <div class='ocr_carea' id='block_1_1' title="bbox 555 519 1243 626">
    <p class='ocr_par' dir='ltr' id='par_1_1' title="bbox 555 519 1243 626">
     <span class='ocr_line' id='line_1_1' title="bbox 555 519 1243 626; baseline 0.006 -36"><span class='ocrx_word' id='word_1_1' title='bbox 555 521 620 590; x_wconf 79' lang='lat' dir='ltr'>ur</span> <span class='ocrx_word' id='word_1_2' title='bbox 647 521 849 592; x_wconf 72' lang='lat' dir='ltr'>carme.</span> <span class='ocrx_word' id='word_1_3' title='bbox 1167 519 1243 626; x_wconf 71' lang='lat'>485</span> 
     </span>
    </p>
   </div>
   <div class='ocr_carea' id='block_1_2' title="bbox 143 646 1247 4371">
    <p class='ocr_par' dir='ltr' id='par_1_2' title="bbox 149 646 1247 2975">
     <span class='ocr_line' id='line_1_2' title="bbox 162 646 1247 748; baseline 0.011 -30"><span class='ocrx_word' id='word_1_4' title='bbox 162 646 272 722; x_wconf 82' lang='lat' dir='ltr'>firisse.</span> <span class='ocrx_word' id='word_1_5' title='bbox 293 653 346 722; x_wconf 88' lang='lat' dir='ltr'>Ex</span> <span class='ocrx_word' id='word_1_6' title='bbox 356 653 526 724; x_wconf 59' lang='lat' dir='ltr'>*Strabone</span> <span class='ocrx_word' id='word_1_7' title='bbox 545 651 729 748; x_wconf 89' lang='lat' dir='ltr'>intelligere</span> <span class='ocrx_word' id='word_1_8' title='bbox 747 669 814 742; x_wconf 92' lang='lat' dir='ltr'>est,</span> <span class='ocrx_word' id='word_1_9' title='bbox 828 666 982 748; x_wconf 78' lang='lat' dir='ltr'><strong>quartam</strong></span> <span class='ocrx_word' id='word_1_10' title='bbox 999 667 1130 747; x_wconf 86' lang='lat' dir='ltr'>partem</span> <span class='ocrx_word' id='word_1_11' title='bbox 1149 655 1247 730; x_wconf 80' lang='lat' dir='ltr'>orbis</span> 
     </span>
     <span class='ocr_line' id='line_1_3' title="bbox 160 756 1246 856; baseline 0.006 -32"><span class='ocrx_word' id='word_1_12' title='bbox 160 759 233 826; x_wconf 91' lang='lat' dir='ltr'>noti</span> <span class='ocrx_word' id='word_1_13' title='bbox 256 756 356 829; x_wconf 76' lang='lat' dir='ltr'>baisse</span> <span class='ocrx_word' id='word_1_14' title='bbox 376 759 548 830; x_wconf 80' lang='lat' dir='ltr'><strong>Celtarum</strong></span> <span class='ocrx_word' id='word_1_15' title='bbox 572 775 724 832; x_wconf 88' lang='lat' dir='ltr'>terram:</span> <span class='ocrx_word' id='word_1_16' title='bbox 746 776 781 830; x_wconf 92' lang='lat' dir='ltr'>et</span> <span class='ocrx_word' id='word_1_17' title='bbox 802 763 911 856; x_wconf 91' lang='lat' dir='ltr'>reipsa</span> <span class='ocrx_word' id='word_1_18' title='bbox 936 761 1117 845; x_wconf 84' lang='lat' dir='ltr'>Germani,</span> <span class='ocrx_word' id='word_1_19' title='bbox 1135 760 1246 848; x_wconf 82' lang='lat' dir='ltr'>Galli,</span> 
     </span>
     <span class='ocr_line' id='line_1_4' title="bbox 159 864 1244 961; baseline 0.006 -31"><span class='ocrx_word' id='word_1_20' title='bbox 159 864 242 956; x_wconf 89' lang='lat' dir='ltr'>quin</span> <span class='ocrx_word' id='word_1_21' title='bbox 270 865 374 935; x_wconf 90' lang='lat' dir='ltr'>immo</span> <span class='ocrx_word' id='word_1_22' title='bbox 407 869 568 961; x_wconf 83' lang='lat' dir='ltr'>Hispani,</span> <span class='ocrx_word' id='word_1_23' title='bbox 593 868 719 938; x_wconf 85' lang='lat' dir='ltr'>Graecis</span> <span class='ocrx_word' id='word_1_24' title='bbox 750 865 854 938; x_wconf 82' lang='lat' dir='ltr'>Celtae</span> <span class='ocrx_word' id='word_1_25' title='bbox 880 867 1107 935; x_wconf 85' lang='lat' dir='ltr'>nominantur.</span> <span class='ocrx_word' id='word_1_26' title='bbox 1139 866 1244 937; x_wconf 85' lang='lat' dir='ltr'>Nulla</span> 
     </span>
     <span class='ocr_line' id='line_1_5' title="bbox 161 967 1241 1068; baseline 0.008 -33"><span class='ocrx_word' id='word_1_27' title='bbox 161 967 231 1037; x_wconf 82' lang='lat' dir='ltr'>lere</span> <span class='ocrx_word' id='word_1_28' title='bbox 251 995 329 1066; x_wconf 89' lang='lat' dir='ltr'>pars</span> <span class='ocrx_word' id='word_1_29' title='bbox 351 975 496 1068; x_wconf 77' lang='lat' dir='ltr'>Europae</span> <span class='ocrx_word' id='word_1_30' title='bbox 521 972 625 1044; x_wconf 91' lang='lat' dir='ltr'>Celtis</span> <span class='ocrx_word' id='word_1_31' title='bbox 646 987 753 1044; x_wconf 88' lang='lat' dir='ltr'>vacat.</span> <span class='ocrx_word' id='word_1_32' title='bbox 778 977 853 1042; x_wconf 87' lang='lat' dir='ltr'>Hoc</span> <span class='ocrx_word' id='word_1_33' title='bbox 872 971 1089 1061; x_wconf 61' lang='lat' dir='ltr'>loco,¹Celtae</span> <span class='ocrx_word' id='word_1_34' title='bbox 1109 987 1241 1044; x_wconf 91' lang='lat' dir='ltr'>tantum</span> 
     </span>
     <span class='ocr_line' id='line_1_6' title="bbox 160 1077 1242 1176; baseline 0.006 -33"><span class='ocrx_word' id='word_1_35' title='bbox 160 1077 394 1164; x_wconf 81' lang='lat' dir='ltr'>nominantur,</span> <span class='ocrx_word' id='word_1_36' title='bbox 409 1077 592 1152; x_wconf 80' lang='lat' dir='ltr'>incolentes</span> <span class='ocrx_word' id='word_1_37' title='bbox 607 1078 760 1175; x_wconf 84' lang='lat' dir='ltr'>gallicam</span> <span class='ocrx_word' id='word_1_38' title='bbox 771 1094 918 1176; x_wconf 91' lang='lat' dir='ltr'>partem,</span> <span class='ocrx_word' id='word_1_39' title='bbox 930 1105 1004 1174; x_wconf 84' lang='lat' dir='ltr'>quae</span> <span class='ocrx_word' id='word_1_40' title='bbox 1018 1104 1108 1151; x_wconf 91' lang='lat' dir='ltr'>nunc</span> <span class='ocrx_word' id='word_1_41' title='bbox 1120 1079 1242 1150; x_wconf 88' lang='lat' dir='ltr'>descri-</span> 
     </span>
     <span class='ocr_line' id='line_1_7' title="bbox 159 1179 1239 1282; baseline 0.006 -33"><span class='ocrx_word' id='word_1_42' title='bbox 159 1179 266 1272; x_wconf 86' lang='lat' dir='ltr'>bitur,</span> <span class='ocrx_word' id='word_1_43' title='bbox 279 1209 300 1252; x_wconf 87' lang='lat' dir='ltr'>a</span> <span class='ocrx_word' id='word_1_44' title='bbox 312 1209 426 1279; x_wconf 83' lang='lat' dir='ltr'>graeco</span> <span class='ocrx_word' id='word_1_45' title='bbox 445 1187 569 1271; x_wconf 59' lang='lat' dir='ltr'>uuae,</span> <span class='ocrx_word' id='word_1_46' title='bbox 586 1186 677 1281; x_wconf 91' lang='lat' dir='ltr'>quod</span> <span class='ocrx_word' id='word_1_47' title='bbox 696 1187 788 1282; x_wconf 89' lang='lat' dir='ltr'>apud</span> <span class='ocrx_word' id='word_1_48' title='bbox 800 1190 987 1257; x_wconf 82' lang='lat' dir='ltr'>Homerum</span> <span class='ocrx_word' id='word_1_49' title='bbox 1005 1200 1040 1256; x_wconf 92' lang='lat' dir='ltr'>et</span> <span class='ocrx_word' id='word_1_50' title='bbox 1056 1185 1239 1270; x_wconf 84' lang='lat' dir='ltr'>Pindarum</span> 
     </span>
     <span class='ocr_line' id='line_1_8' title="bbox 157 1293 1242 1389; baseline 0.006 -33"><span class='ocrx_word' id='word_1_51' title='bbox 157 1295 304 1382; x_wconf 82' lang='lat' dir='ltr'>equitem</span> <span class='ocrx_word' id='word_1_52' title='bbox 327 1306 431 1361; x_wconf 90' lang='lat' dir='ltr'>sonat.</span> <span class='ocrx_word' id='word_1_53' title='bbox 455 1293 599 1388; x_wconf 86' lang='lat' dir='ltr'>Reipsa‚</span> <span class='ocrx_word' id='word_1_54' title='bbox 626 1296 776 1363; x_wconf 91' lang='lat' dir='ltr'>omniurn</span> <span class='ocrx_word' id='word_1_55' title='bbox 800 1295 1005 1389; x_wconf 89' lang='lat' dir='ltr'>scriptorum</span> <span class='ocrx_word' id='word_1_56' title='bbox 1030 1295 1242 1383; x_wconf 83' lang='lat' dir='ltr'>testimonio,</span> 
     </span>
     <span class='ocr_line' id='line_1_9' title="bbox 158 1393 1238 1493; baseline 0.004 -29"><span class='ocrx_word' id='word_1_57' title='bbox 158 1393 270 1466; x_wconf 89' lang='lat' dir='ltr'>Celtas</span> <span class='ocrx_word' id='word_1_58' title='bbox 291 1401 440 1492; x_wconf 90' lang='lat' dir='ltr'>equitatu</span> <span class='ocrx_word' id='word_1_59' title='bbox 459 1398 601 1472; x_wconf 87' lang='lat' dir='ltr'>valuisse</span> <span class='ocrx_word' id='word_1_60' title='bbox 627 1415 758 1469; x_wconf 90' lang='lat' dir='ltr'>certum</span> <span class='ocrx_word' id='word_1_61' title='bbox 779 1413 838 1469; x_wconf 86' lang='lat' dir='ltr'>est</span> <span class='ocrx_word' id='word_1_62' title='bbox 867 1399 933 1470; x_wconf 87' lang='lat' dir='ltr'>Sed</span> <span class='ocrx_word' id='word_1_63' title='bbox 953 1400 1084 1493; x_wconf 88' lang='lat' dir='ltr'>origiue</span> <span class='ocrx_word' id='word_1_64' title='bbox 1104 1400 1238 1493; x_wconf 85' lang='lat' dir='ltr'>Scythae</span> 
     </span>
     <span class='ocr_line' id='line_1_10' title="bbox 157 1500 1236 1601; baseline 0.006 -32"><span class='ocrx_word' id='word_1_65' title='bbox 157 1500 331 1593; x_wconf 86' lang='lat' dir='ltr'>videntur,</span> <span class='ocrx_word' id='word_1_66' title='bbox 345 1520 379 1574; x_wconf 89' lang='lat' dir='ltr'>et</span> <span class='ocrx_word' id='word_1_67' title='bbox 405 1505 512 1576; x_wconf 92' lang='lat' dir='ltr'>multa</span> <span class='ocrx_word' id='word_1_68' title='bbox 537 1530 598 1601; x_wconf 89' lang='lat' dir='ltr'>per</span> <span class='ocrx_word' id='word_1_69' title='bbox 630 1503 749 1578; x_wconf 85' lang='lat' dir='ltr'>saecula</span> <span class='ocrx_word' id='word_1_70' title='bbox 772 1530 875 1601; x_wconf 86' lang='lat' dir='ltr'>vagas</span> <span class='ocrx_word' id='word_1_71' title='bbox 902 1520 937 1575; x_wconf 93' lang='lat' dir='ltr'>et</span> <span class='ocrx_word' id='word_1_72' title='bbox 969 1507 1114 1582; x_wconf 83' lang='lat' dir='ltr'>incertas</span> <span class='ocrx_word' id='word_1_73' title='bbox 1140 1505 1236 1576; x_wconf 87' lang='lat' dir='ltr'>sedes</span> 
     </span>
     <span class='ocr_line' id='line_1_11' title="bbox 159 1607 1239 1709; baseline 0.005 -33"><span class='ocrx_word' id='word_1_74' title='bbox 159 1607 330 1701; x_wconf 89' lang='lat' dir='ltr'>habuisse,</span> <span class='ocrx_word' id='word_1_75' title='bbox 345 1611 442 1705; x_wconf 80' lang='lat' dir='ltr'>juxta</span> <span class='ocrx_word' id='word_1_76' title='bbox 457 1612 744 1709; x_wconf 85' lang='lat' dir='ltr'>septemtrionales</span> <span class='ocrx_word' id='word_1_77' title='bbox 756 1637 834 1683; x_wconf 89' lang='lat' dir='ltr'>oras</span> <span class='ocrx_word' id='word_1_78' title='bbox 849 1637 954 1706; x_wconf 87' lang='lat' dir='ltr'>usque</span> <span class='ocrx_word' id='word_1_79' title='bbox 969 1612 1014 1683; x_wconf 92' lang='lat' dir='ltr'>ad</span> <span class='ocrx_word' id='word_1_80' title='bbox 1029 1611 1239 1694; x_wconf 84' lang='lat' dir='ltr'>Cimbricam</span> 
     </span>
     <span class='ocr_line' id='line_1_12' title="bbox 159 1714 1238 1815; baseline 0.004 -31"><span class='ocrx_word' id='word_1_81' title='bbox 159 1714 424 1808; x_wconf 89' lang='lat' dir='ltr'>Chersonesum,</span> <span class='ocrx_word' id='word_1_82' title='bbox 441 1719 500 1789; x_wconf 91' lang='lat' dir='ltr'>ubi</span> <span class='ocrx_word' id='word_1_83' title='bbox 539 1745 656 1789; x_wconf 91' lang='lat' dir='ltr'>eorum</span> <span class='ocrx_word' id='word_1_84' title='bbox 695 1744 774 1815; x_wconf 90' lang='lat' dir='ltr'>pars</span> <span class='ocrx_word' id='word_1_85' title='bbox 808 1718 975 1807; x_wconf 77' lang='lat' dir='ltr'>consedit,</span> <span class='ocrx_word' id='word_1_86' title='bbox 1001 1743 1075 1813; x_wconf 83' lang='lat' dir='ltr'>quae</span> <span class='ocrx_word' id='word_1_87' title='bbox 1097 1720 1238 1809; x_wconf 87' lang='lat' dir='ltr'>Suevis,</span> 
     </span>
     <span class='ocr_line' id='line_1_13' title="bbox 157 1822 1236 1921; baseline 0.005 -31"><span class='ocrx_word' id='word_1_88' title='bbox 157 1822 281 1913; x_wconf 91' lang='lat' dir='ltr'>Danis,</span> <span class='ocrx_word' id='word_1_89' title='bbox 299 1839 399 1920; x_wconf 88' lang='lat' dir='ltr'>atque</span> <span class='ocrx_word' id='word_1_90' title='bbox 410 1828 508 1896; x_wconf 90' lang='lat' dir='ltr'>etiam</span> <span class='ocrx_word' id='word_1_91' title='bbox 527 1828 705 1897; x_wconf 89' lang='lat' dir='ltr'>Germanis</span> <span class='ocrx_word' id='word_1_92' title='bbox 721 1841 834 1896; x_wconf 88' lang='lat' dir='ltr'>ortum</span> <span class='ocrx_word' id='word_1_93' title='bbox 846 1826 939 1895; x_wconf 86' lang='lat' dir='ltr'>dedit</span> <span class='ocrx_word' id='word_1_94' title='bbox 957 1851 965 1893; x_wconf 76' lang='grc' dir='ltr'><strong><em>ε</em></strong></span> <span class='ocrx_word' id='word_1_95' title='bbox 986 1824 1051 1894; x_wconf 91' lang='lat' dir='ltr'>alia</span> <span class='ocrx_word' id='word_1_96' title='bbox 1061 1850 1143 1894; x_wconf 87' lang='lat' dir='ltr'>vero</span> <span class='ocrx_word' id='word_1_97' title='bbox 1156 1849 1236 1921; x_wconf 87' lang='lat' dir='ltr'>pars</span> 
     </span>
     <span class='ocr_line' id='line_1_14' title="bbox 155 1924 1234 2028; baseline 0.006 -32"><span class='ocrx_word' id='word_1_98' title='bbox 155 1924 287 2024; x_wconf 89' lang='lat' dir='ltr'>longius</span> <span class='ocrx_word' id='word_1_99' title='bbox 304 1955 497 2027; x_wconf 85' lang='lat' dir='ltr'>progressa,</span> <span class='ocrx_word' id='word_1_100' title='bbox 514 1958 631 2004; x_wconf 90' lang='lat' dir='ltr'>versus</span> <span class='ocrx_word' id='word_1_101' title='bbox 652 1934 764 2004; x_wconf 86' lang='lat' dir='ltr'>Rheni</span> <span class='ocrx_word' id='word_1_102' title='bbox 784 1935 885 2022; x_wconf 88' lang='lat' dir='ltr'>ostia,</span> <span class='ocrx_word' id='word_1_103' title='bbox 900 1935 936 2002; x_wconf 92' lang='lat' dir='ltr'>in</span> <span class='ocrx_word' id='word_1_104' title='bbox 956 1934 1129 2028; x_wconf 84' lang='lat' dir='ltr'>regionem</span> <span class='ocrx_word' id='word_1_105' title='bbox 1143 1947 1234 2027; x_wconf 90' lang='lat' dir='ltr'>post·</span> 
     </span>
     <span class='ocr_line' id='line_1_15' title="bbox 154 2036 1237 2135; baseline 0.005 -31"><span class='ocrx_word' id='word_1_106' title='bbox 154 2036 293 2106; x_wconf 88' lang='lat' dir='ltr'>modurn</span> <span class='ocrx_word' id='word_1_107' title='bbox 312 2037 456 2110; x_wconf 90' lang='lat' dir='ltr'>Galliam</span> <span class='ocrx_word' id='word_1_108' title='bbox 481 2039 604 2111; x_wconf 90' lang='lat' dir='ltr'>dictam</span> <span class='ocrx_word' id='word_1_109' title='bbox 626 2042 737 2129; x_wconf 87' lang='lat' dir='ltr'>venit,</span> <span class='ocrx_word' id='word_1_110' title='bbox 756 2055 855 2135; x_wconf 89' lang='lat' dir='ltr'>atque</span> <span class='ocrx_word' id='word_1_111' title='bbox 868 2038 926 2126; x_wconf 85' lang='lat' dir='ltr'>ibi</span> <span class='ocrx_word' id='word_1_112' title='bbox 950 2053 1088 2135; x_wconf 92' lang='lat' dir='ltr'>propter</span> <span class='ocrx_word' id='word_1_113' title='bbox 1111 2037 1237 2117; x_wconf 87' lang='lat' dir='ltr'>coelum</span> 
     </span>
     <span class='ocr_line' id='line_1_16' title="bbox 154 2145 1235 2242; baseline 0.006 -32"><span class='ocrx_word' id='word_1_114' title='bbox 154 2145 268 2214; x_wconf 93' lang='lat' dir='ltr'>mitius</span> <span class='ocrx_word' id='word_1_115' title='bbox 280 2160 419 2215; x_wconf 82' lang='lat' dir='ltr'>etterrae</span> <span class='ocrx_word' id='word_1_116' title='bbox 432 2147 654 2236; x_wconf 87' lang='lat' dir='ltr'>feracitatem,</span> <span class='ocrx_word' id='word_1_117' title='bbox 663 2145 792 2242; x_wconf 91' lang='lat' dir='ltr'>aliaque</span> <span class='ocrx_word' id='word_1_118' title='bbox 806 2148 942 2216; x_wconf 90' lang='lat' dir='ltr'>minime</span> <span class='ocrx_word' id='word_1_119' title='bbox 952 2145 1161 2241; x_wconf 89' lang='lat' dir='ltr'>aspernanda</span> <span class='ocrx_word' id='word_1_120' title='bbox 1169 2171 1235 2216; x_wconf 87' lang='lat' dir='ltr'>me-</span> 
     </span>
     <span class='ocr_line' id='line_1_17' title="bbox 153 2251 1232 2347; baseline 0.006 -31"><span class='ocrx_word' id='word_1_121' title='bbox 153 2251 234 2339; x_wconf 89' lang='lat' dir='ltr'>rita,</span> <span class='ocrx_word' id='word_1_122' title='bbox 252 2251 376 2322; x_wconf 90' lang='lat' dir='ltr'>diutius</span> <span class='ocrx_word' id='word_1_123' title='bbox 394 2277 496 2347; x_wconf 88' lang='lat' dir='ltr'>quam</span> <span class='ocrx_word' id='word_1_124' title='bbox 517 2252 640 2322; x_wconf 91' lang='lat' dir='ltr'>alicubi</span> <span class='ocrx_word' id='word_1_125' title='bbox 658 2267 825 2322; x_wconf 91' lang='lat' dir='ltr'>terrarum</span> <span class='ocrx_word' id='word_1_126' title='bbox 845 2268 977 2323; x_wconf 87' lang='lat' dir='ltr'>morata</span> <span class='ocrx_word' id='word_1_127' title='bbox 993 2268 1053 2322; x_wconf 81' lang='lat' dir='ltr'>est.</span> <span class='ocrx_word' id='word_1_128' title='bbox 1070 2251 1137 2322; x_wconf 89' lang='lat' dir='ltr'>Sed</span> <span class='ocrx_word' id='word_1_129' title='bbox 1155 2277 1232 2323; x_wconf 91' lang='lat' dir='ltr'>mo·</span> 
     </span>
     <span class='ocr_line' id='line_1_18' title="bbox 152 2355 1234 2455; baseline 0.004 -31"><span class='ocrx_word' id='word_1_130' title='bbox 152 2355 274 2427; x_wconf 88' lang='lat' dir='ltr'>bilibus</span> <span class='ocrx_word' id='word_1_131' title='bbox 311 2373 345 2429; x_wconf 91' lang='lat' dir='ltr'>et</span> <span class='ocrx_word' id='word_1_132' title='bbox 368 2361 538 2454; x_wconf 89' lang='lat' dir='ltr'>inquietis,</span> <span class='ocrx_word' id='word_1_133' title='bbox 563 2373 602 2428; x_wconf 90' lang='lat' dir='ltr'>ut</span> <span class='ocrx_word' id='word_1_134' title='bbox 626 2365 704 2428; x_wconf 89' lang='lat' dir='ltr'>sun&#39;t</span> <span class='ocrx_word' id='word_1_135' title='bbox 737 2358 973 2455; x_wconf 88' lang='lat' dir='ltr'>plerarumque</span> <span class='ocrx_word' id='word_1_136' title='bbox 999 2359 1234 2452; x_wconf 86' lang='lat' dir='ltr'>Scythicarum</span> 
     </span>
     <span class='ocr_line' id='line_1_19' title="bbox 152 2463 1232 2562; baseline 0.003 -31"><span class='ocrx_word' id='word_1_137' title='bbox 152 2465 320 2558; x_wconf 91' lang='lat' dir='ltr'>gentium,</span> <span class='ocrx_word' id='word_1_138' title='bbox 341 2468 497 2562; x_wconf 90' lang='lat' dir='ltr'>ingeniis,</span> <span class='ocrx_word' id='word_1_139' title='bbox 515 2480 671 2536; x_wconf 90' lang='lat' dir='ltr'>constans</span> <span class='ocrx_word' id='word_1_140' title='bbox 692 2464 786 2535; x_wconf 91' lang='lat' dir='ltr'>sedes</span> <span class='ocrx_word' id='word_1_141' title='bbox 808 2490 878 2534; x_wconf 92' lang='lat' dir='ltr'>non</span> <span class='ocrx_word' id='word_1_142' title='bbox 899 2463 1038 2534; x_wconf 83' lang='lat' dir='ltr'>sufficit:</span> <span class='ocrx_word' id='word_1_143' title='bbox 1058 2488 1232 2560; x_wconf 87' lang='lat' dir='ltr'>quaprop-</span> 
     </span>
     <span class='ocr_line' id='line_1_20' title="bbox 152 2568 1233 2670; baseline 0.003 -32"><span class='ocrx_word' id='word_1_144' title='bbox 152 2584 226 2660; x_wconf 89' lang='lat' dir='ltr'>ter,</span> <span class='ocrx_word' id='word_1_145' title='bbox 248 2571 362 2642; x_wconf 90' lang='lat' dir='ltr'>multis</span> <span class='ocrx_word' id='word_1_146' title='bbox 381 2572 500 2670; x_wconf 89' lang='lat' dir='ltr'>elapsis</span> <span class='ocrx_word' id='word_1_147' title='bbox 518 2571 664 2660; x_wconf 86' lang='lat' dir='ltr'>saeculis,</span> <span class='ocrx_word' id='word_1_148' title='bbox 690 2587 723 2641; x_wconf 89' lang='lat' dir='ltr'>et</span> <span class='ocrx_word' id='word_1_149' title='bbox 737 2597 798 2667; x_wconf 90' lang='lat' dir='ltr'>per</span> <span class='ocrx_word' id='word_1_150' title='bbox 815 2569 1006 2659; x_wconf 83' lang='lat' dir='ltr'>intervalla,</span> <span class='ocrx_word' id='word_1_151' title='bbox 1026 2568 1131 2640; x_wconf 82' lang='lat' dir='ltr'>Celtae</span> <span class='ocrx_word' id='word_1_152' title='bbox 1151 2571 1233 2641; x_wconf 89' lang='lat' dir='ltr'>inde</span> 
     </span>
     <span class='ocr_line' id='line_1_21' title="bbox 151 2672 1232 2775; baseline 0.004 -30"><span class='ocrx_word' id='word_1_153' title='bbox 151 2677 359 2748; x_wconf 88' lang='lat' dir='ltr'>refluxerunt</span> <span class='ocrx_word' id='word_1_154' title='bbox 369 2682 405 2749; x_wconf 91' lang='lat' dir='ltr'>in</span> <span class='ocrx_word' id='word_1_155' title='bbox 415 2679 547 2750; x_wconf 81' lang='lat' dir='ltr'>Italiam</span> <span class='ocrx_word' id='word_1_156' title='bbox 555 2701 570 2769; x_wconf 86' lang='lat'>‚·</span> <span class='ocrx_word' id='word_1_157' title='bbox 578 2679 795 2775; x_wconf 86' lang='lat' dir='ltr'>Hispaniam,</span> <span class='ocrx_word' id='word_1_158' title='bbox 809 2692 908 2772; x_wconf 85' lang='lat' dir='ltr'>atque</span> <span class='ocrx_word' id='word_1_159' title='bbox 923 2672 1023 2746; x_wconf 89' lang='lat' dir='ltr'>etiam</span> <span class='ocrx_word' id='word_1_160' title='bbox 1038 2692 1232 2749; x_wconf 87' lang='lat' dir='ltr'>remearunt</span> 
     </span>
     <span class='ocr_line' id='line_1_22' title="bbox 150 2784 1228 2879; baseline 0 -25"><span class='ocrx_word' id='word_1_161' title='bbox 150 2784 186 2854; x_wconf 91' lang='lat' dir='ltr'>in</span> <span class='ocrx_word' id='word_1_162' title='bbox 203 2787 438 2878; x_wconf 88' lang='lat' dir='ltr'>Germaniam,</span> <span class='ocrx_word' id='word_1_163' title='bbox 451 2789 675 2877; x_wconf 86' lang='lat' dir='ltr'>Pannoniam,</span> <span class='ocrx_word' id='word_1_164' title='bbox 690 2787 855 2877; x_wconf 82' lang='lat' dir='ltr'>Graeciam</span> <span class='ocrx_word' id='word_1_165' title='bbox 862 2840 875 2874; x_wconf 88' lang='lat'>,</span> <span class='ocrx_word' id='word_1_166' title='bbox 888 2800 930 2855; x_wconf 89' lang='lat' dir='ltr'>et</span> <span class='ocrx_word' id='word_1_167' title='bbox 946 2808 1053 2879; x_wconf 82' lang='lat' dir='ltr'>usque</span> <span class='ocrx_word' id='word_1_168' title='bbox 1066 2784 1102 2854; x_wconf 88' lang='lat' dir='ltr'>in</span> <span class='ocrx_word' id='word_1_169' title='bbox 1114 2785 1228 2862; x_wconf 78' lang='lat' dir='ltr'>Asiam</span> 
     </span>
     <span class='ocr_line' id='line_1_23' title="bbox 149 2892 894 2975; baseline 0.005 -15"><span class='ocrx_word' id='word_1_170' title='bbox 149 2892 323 2963; x_wconf 90' lang='lat' dir='ltr'>minorem.</span> <span class='ocrx_word' id='word_1_171' title='bbox 890 2968 894 2975; x_wconf 66' lang='grc'><strong><em>,</em></strong></span> 
     </span>
    </p>

    <p class='ocr_par' dir='ltr' id='par_1_3' title="bbox 143 3000 1231 4371">
     <span class='ocr_line' id='line_1_24' title="bbox 205 3000 1230 3098; baseline -0.001 -29"><span class='ocrx_word' id='word_1_172' title='bbox 205 3000 271 3070; x_wconf 86' lang='lat' dir='ltr'>Sed</span> <span class='ocrx_word' id='word_1_173' title='bbox 284 3000 393 3089; x_wconf 89' lang='lat' dir='ltr'>unde,</span> <span class='ocrx_word' id='word_1_174' title='bbox 406 3015 469 3071; x_wconf 90' lang='lat' dir='ltr'>eta</span> <span class='ocrx_word' id='word_1_175' title='bbox 480 3027 548 3098; x_wconf 91' lang='lat' dir='ltr'>quo</span> <span class='ocrx_word' id='word_1_176' title='bbox 559 3003 722 3098; x_wconf 84' lang='lat' dir='ltr'>originem</span> <span class='ocrx_word' id='word_1_177' title='bbox 733 3002 903 3073; x_wconf 82' lang='lat' dir='ltr'>duxerunt</span> <span class='ocrx_word' id='word_1_178' title='bbox 917 3013 1033 3095; x_wconf 79' lang='lat' dir='ltr'>gentes</span> <span class='ocrx_word' id='word_1_179' title='bbox 1046 3023 1120 3092; x_wconf 85' lang='lat' dir='ltr'>quae</span> <span class='ocrx_word' id='word_1_180' title='bbox 1134 3023 1230 3068; x_wconf 64' lang='lat' dir='ltr'>com«</span> 
     </span>
     <span class='ocr_line' id='line_1_25' title="bbox 150 3101 1227 3204; baseline -0.002 -28"><span class='ocrx_word' id='word_1_181' title='bbox 150 3107 244 3176; x_wconf 91' lang='lat' dir='ltr'>muni</span> <span class='ocrx_word' id='word_1_182' title='bbox 272 3106 493 3204; x_wconf 87' lang='lat' dir='ltr'>appellatione</span> <span class='ocrx_word' id='word_1_183' title='bbox 520 3108 679 3184; x_wconf 90' lang='lat' dir='ltr'>dicuntur</span> <span class='ocrx_word' id='word_1_184' title='bbox 704 3105 836 3179; x_wconf 82' lang='lat' dir='ltr'>Celtae?</span> <span class='ocrx_word' id='word_1_185' title='bbox 860 3121 935 3176; x_wconf 68' lang='lat' dir='ltr'>non·</span> <span class='ocrx_word' id='word_1_186' title='bbox 953 3101 1112 3178; x_wconf 77' lang='lat' dir='ltr'>conuenit</span> <span class='ocrx_word' id='word_1_187' title='bbox 1140 3106 1227 3176; x_wconf 90' lang='lat' dir='ltr'>inter</span> 
     </span>
     <span class='ocr_line' id='line_1_26' title="bbox 152 3211 1231 3310; baseline 0 -28"><span class='ocrx_word' id='word_1_188' title='bbox 152 3211 279 3284; x_wconf 89' lang='lat' dir='ltr'>doctos.</span> <span class='ocrx_word' id='word_1_189' title='bbox 296 3213 408 3285; x_wconf 91' lang='lat' dir='ltr'>Celtas</span> <span class='ocrx_word' id='word_1_190' title='bbox 427 3229 539 3286; x_wconf 84' lang='lat' dir='ltr'>autern</span> <span class='ocrx_word' id='word_1_191' title='bbox 550 3269 561 3304; x_wconf 92' lang='lat'>,</span> <span class='ocrx_word' id='word_1_192' title='bbox 573 3216 721 3310; x_wconf 86' lang='lat' dir='ltr'>origine,</span> <span class='ocrx_word' id='word_1_193' title='bbox 734 3214 869 3308; x_wconf 80' lang='lat' dir='ltr'>ingenio</span> <span class='ocrx_word' id='word_1_194' title='bbox 878 3229 917 3296; x_wconf 59' lang='lat' dir='ltr'>et,</span> <span class='ocrx_word' id='word_1_195' title='bbox 925 3212 1076 3285; x_wconf 89' lang='lat' dir='ltr'>moribus</span> <span class='ocrx_word' id='word_1_196' title='bbox 1087 3212 1231 3306; x_wconf 79' lang='lat' dir='ltr'>Scythas</span> 
     </span>
     <span class='ocr_line' id='line_1_27' title="bbox 151 3319 1226 3416; baseline -0.001 -29"><span class='ocrx_word' id='word_1_197' title='bbox 151 3343 237 3409; x_wconf 90' lang='lat' dir='ltr'>esse,</span> <span class='ocrx_word' id='word_1_198' title='bbox 250 3323 300 3391; x_wconf 93' lang='lat' dir='ltr'>uti</span> <span class='ocrx_word' id='word_1_199' title='bbox 315 3323 384 3416; x_wconf 88' lang='lat' dir='ltr'>jam</span> <span class='ocrx_word' id='word_1_200' title='bbox 402 3321 564 3410; x_wconf 85' lang='lat' dir='ltr'>diximus,</span> <span class='ocrx_word' id='word_1_201' title='bbox 581 3320 658 3390; x_wconf 90' lang='lat' dir='ltr'>libri</span> <span class='ocrx_word' id='word_1_202' title='bbox 677 3323 784 3394; x_wconf 87' lang='lat' dir='ltr'>saneti</span> <span class='ocrx_word' id='word_1_203' title='bbox 804 3319 1021 3407; x_wconf 64' lang='lat' dir='ltr'>confirmare</span> <span class='ocrx_word' id='word_1_204' title='bbox 1038 3342 1058 3394; x_wconf 87' lang='lat' dir='ltr'>a</span> <span class='ocrx_word' id='word_1_205' title='bbox 1075 3320 1226 3392; x_wconf 87' lang='lat' dir='ltr'>Gomero</span> 
     </span>
     <span class='ocr_line' id='line_1_28' title="bbox 151 3422 1225 3524; baseline -0.002 -29"><span class='ocrx_word' id='word_1_206' title='bbox 151 3427 239 3496; x_wconf 91' lang='lat' dir='ltr'>enim</span> <span class='ocrx_word' id='word_1_207' title='bbox 260 3430 369 3523; x_wconf 86' lang='lat' dir='ltr'>Japeti</span> <span class='ocrx_word' id='word_1_208' title='bbox 389 3427 477 3519; x_wconf 86' lang='lat' dir='ltr'>lilio,</span> <span class='ocrx_word' id='word_1_209' title='bbox 492 3431 567 3500; x_wconf 88' lang='lat' dir='ltr'>Noe</span> <span class='ocrx_word' id='word_1_210' title='bbox 581 3429 717 3524; x_wconf 88' lang='lat' dir='ltr'>nepoti,</span> <span class='ocrx_word' id='word_1_211' title='bbox 735 3426 875 3521; x_wconf 86' lang='lat' dir='ltr'>Scythas</span> <span class='ocrx_word' id='word_1_212' title='bbox 895 3441 929 3501; x_wconf 86' lang='lat' dir='ltr'>et</span> <span class='ocrx_word' id='word_1_213' title='bbox 947 3422 1146 3519; x_wconf 83' lang='lat' dir='ltr'>generaliter</span> <span class='ocrx_word' id='word_1_214' title='bbox 1157 3427 1225 3496; x_wconf 75' lang='lat' dir='ltr'>Eu-</span> 
     </span>
     <span class='ocr_line' id='line_1_29' title="bbox 147 3531 1228 3630; baseline -0.006 -25"><span class='ocrx_word' id='word_1_215' title='bbox 147 3557 239 3628; x_wconf 85' lang='lat' dir='ltr'>ropae</span> <span class='ocrx_word' id='word_1_216' title='bbox 261 3535 537 3630; x_wconf 85' lang='lat' dir='ltr'>septemtrionalis</span> <span class='ocrx_word' id='word_1_217' title='bbox 560 3533 686 3610; x_wconf 87' lang='lat' dir='ltr'>incolas</span> <span class='ocrx_word' id='word_1_218' title='bbox 707 3535 869 3628; x_wconf 87' lang='lat' dir='ltr'>originem</span> <span class='ocrx_word' id='word_1_219' title='bbox 887 3533 1092 3619; x_wconf 81' lang='lat' dir='ltr'>duxisse,ex</span> <span class='ocrx_word' id='word_1_220' title='bbox 1108 3531 1228 3605; x_wconf 90' lang='lat' dir='ltr'>iisdem</span> 
     </span>
     <span class='ocr_line' id='line_1_30' title="bbox 148 3636 1226 3738; baseline 0.001 -31"><span class='ocrx_word' id='word_1_221' title='bbox 148 3637 239 3708; x_wconf 92' lang='lat' dir='ltr'>libris</span> <span class='ocrx_word' id='word_1_222' title='bbox 253 3657 392 3712; x_wconf 90' lang='lat' dir='ltr'>constat.</span> <span class='ocrx_word' id='word_1_223' title='bbox 408 3645 502 3713; x_wconf 85' lang='lat' dir='ltr'>Inter</span> <span class='ocrx_word' id='word_1_224' title='bbox 521 3641 682 3738; x_wconf 87' lang='lat' dir='ltr'>profanos</span> <span class='ocrx_word' id='word_1_225' title='bbox 697 3642 877 3736; x_wconf 86' lang='lat' dir='ltr'>scriptores</span> <span class='ocrx_word' id='word_1_226' title='bbox 887 3693 900 3727; x_wconf 89' lang='lat'>,</span> <span class='ocrx_word' id='word_1_227' title='bbox 910 3637 969 3714; x_wconf 84' lang='lat' dir='ltr'>alii</span> <span class='ocrx_word' id='word_1_228' title='bbox 980 3636 1092 3709; x_wconf 88' lang='lat' dir='ltr'>Celtas</span> <span class='ocrx_word' id='word_1_229' title='bbox 1107 3637 1226 3708; x_wconf 91' lang='lat' dir='ltr'>dicunt</span> 
     </span>
     <span class='ocr_line' id='line_1_31' title="bbox 146 3744 1226 3845; baseline 0.001 -25"><span class='ocrx_word' id='word_1_230' title='bbox 146 3745 190 3820; x_wconf 74' lang='lat' dir='ltr'>ab</span> <span class='ocrx_word' id='word_1_231' title='bbox 208 3747 353 3822; x_wconf 88' lang='lat' dir='ltr'>Hercule</span> <span class='ocrx_word' id='word_1_232' title='bbox 365 3751 544 3840; x_wconf 85' lang='lat' dir='ltr'>oriundos,</span> <span class='ocrx_word' id='word_1_233' title='bbox 554 3764 635 3845; x_wconf 89' lang='lat' dir='ltr'>post</span> <span class='ocrx_word' id='word_1_234' title='bbox 647 3751 839 3844; x_wconf 86' lang='lat' dir='ltr'>Geryonem</span> <span class='ocrx_word' id='word_1_235' title='bbox 853 3747 981 3822; x_wconf 81' lang='lat' dir='ltr'>victum</span> <span class='ocrx_word' id='word_1_236' title='bbox 1001 3747 1036 3814; x_wconf 93' lang='lat' dir='ltr'>in</span> <span class='ocrx_word' id='word_1_237' title='bbox 1052 3744 1226 3838; x_wconf 73' lang='lat' dir='ltr'>Hispania,</span> 
     </span>
     <span class='ocr_line' id='line_1_32' title="bbox 147 3849 1225 3934; baseline -0.006 -8"><span class='ocrx_word' id='word_1_238' title='bbox 147 3854 213 3926; x_wconf 87' lang='lat' dir='ltr'>Sed</span> <span class='ocrx_word' id='word_1_239' title='bbox 228 3851 300 3928; x_wconf 83' lang='lat' dir='ltr'>haec</span> <span class='ocrx_word' id='word_1_240' title='bbox 322 3859 548 3934; x_wconf 88' lang='lat' dir='ltr'>commentitia</span> <span class='ocrx_word' id='word_1_241' title='bbox 570 3858 709 3930; x_wconf 83' lang='lat' dir='ltr'>omnino</span> <span class='ocrx_word' id='word_1_242' title='bbox 731 3870 783 3926; x_wconf 88' lang='lat' dir='ltr'>est</span> <span class='ocrx_word' id='word_1_243' title='bbox 804 3854 963 3930; x_wconf 86' lang='lat' dir='ltr'>narratio.</span> <span class='ocrx_word' id='word_1_244' title='bbox 985 3852 1075 3922; x_wconf 88' lang='lat' dir='ltr'>Nam</span> <span class='ocrx_word' id='word_1_245' title='bbox 1098 3849 1225 3920; x_wconf 87' lang='lat' dir='ltr'>Gallias</span> 
     </span>
     <span class='ocr_line' id='line_1_33' title="bbox 147 3958 1224 4058; baseline -0.002 -29"><span class='ocrx_word' id='word_1_246' title='bbox 147 3975 224 4033; x_wconf 90' lang='lat' dir='ltr'>ante</span> <span class='ocrx_word' id='word_1_247' title='bbox 254 3961 432 4038; x_wconf 83' lang='lat' dir='ltr'>Herculem</span> <span class='ocrx_word' id='word_1_248' title='bbox 463 3964 628 4034; x_wconf 87' lang='lat' dir='ltr'>habitatas</span> <span class='ocrx_word' id='word_1_249' title='bbox 659 3962 760 4033; x_wconf 81' lang='lat' dir='ltr'>hrisse</span> <span class='ocrx_word' id='word_1_250' title='bbox 790 3976 883 4058; x_wconf 89' lang='lat' dir='ltr'>patet</span> <span class='ocrx_word' id='word_1_251' title='bbox 911 3985 954 4029; x_wconf 84' lang='lat' dir='ltr'>ex</span> <span class='ocrx_word' id='word_1_252' title='bbox 981 3960 1054 4054; x_wconf 90' lang='lat' dir='ltr'>ipso</span> <span class='ocrx_word' id='word_1_253' title='bbox 1087 3958 1224 4027; x_wconf 87' lang='lat' dir='ltr'>nomine</span> 
     </span>
     <span class='ocr_line' id='line_1_34' title="bbox 144 4063 1223 4166; baseline -0.004 -29"><span class='ocrx_word' id='word_1_254' title='bbox 144 4065 281 4156; x_wconf 79' lang='lat' dir='ltr'>Alesiae,</span> <span class='ocrx_word' id='word_1_255' title='bbox 291 4069 334 4139; x_wconf 90' lang='lat' dir='ltr'>de</span> <span class='ocrx_word' id='word_1_256' title='bbox 345 4095 412 4165; x_wconf 90' lang='lat' dir='ltr'>quo</span> <span class='ocrx_word' id='word_1_257' title='bbox 425 4070 502 4144; x_wconf 88' lang='lat' dir='ltr'>vide</span> <span class='ocrx_word' id='word_1_258' title='bbox 517 4070 615 4144; x_wconf 86' lang='lat' dir='ltr'>indic.</span> <span class='ocrx_word' id='word_1_259' title='bbox 632 4095 745 4166; x_wconf 86' lang='lat' dir='ltr'>geogr.</span> <span class='ocrx_word' id='word_1_260' title='bbox 763 4071 927 4146; x_wconf 71' lang='lat' dir='ltr'>maeierea</span> <span class='ocrx_word' id='word_1_261' title='bbox 941 4067 1060 4152; x_wconf 85' lang='lat' dir='ltr'>fuisse,</span> <span class='ocrx_word' id='word_1_262' title='bbox 1071 4063 1124 4133; x_wconf 91' lang='lat' dir='ltr'>his</span> <span class='ocrx_word' id='word_1_263' title='bbox 1138 4078 1223 4135; x_wconf 91' lang='lat' dir='ltr'>tem·</span> 
     </span>
     <span class='ocr_line' id='line_1_35' title="bbox 143 4169 1225 4268; baseline -0.004 -23"><span class='ocrx_word' id='word_1_264' title='bbox 143 4174 283 4268; x_wconf 85' lang='lat' dir='ltr'>poribus</span> <span class='ocrx_word' id='word_1_265' title='bbox 302 4175 480 4266; x_wconf 78' lang='lat' dir='ltr'>fabulosis,</span> <span class='ocrx_word' id='word_1_266' title='bbox 505 4175 628 4246; x_wconf 90' lang='lat' dir='ltr'>multos</span> <span class='ocrx_word' id='word_1_267' title='bbox 655 4178 778 4247; x_wconf 89' lang='lat' dir='ltr'>heroas</span> <span class='ocrx_word' id='word_1_268' title='bbox 805 4175 976 4246; x_wconf 91' lang='lat' dir='ltr'>communi</span> <span class='ocrx_word' id='word_1_269' title='bbox 1001 4169 1225 4268; x_wconf 86' lang='lat' dir='ltr'>appellatione</span> 
     </span>
     <span class='ocr_line' id='line_1_36' title="bbox 143 4277 1224 4371; baseline -0.002 -19"><span class='ocrx_word' id='word_1_270' title='bbox 143 4281 305 4356; x_wconf 86' lang='lat' dir='ltr'>Hercules</span> <span class='ocrx_word' id='word_1_271' title='bbox 326 4285 514 4357; x_wconf 89' lang='lat' dir='ltr'>nominatos</span> <span class='ocrx_word' id='word_1_272' title='bbox 529 4308 629 4354; x_wconf 90' lang='lat' dir='ltr'>nemo</span> <span class='ocrx_word' id='word_1_273' title='bbox 643 4284 774 4367; x_wconf 78' lang='lat' dir='ltr'>inficias</span> <span class='ocrx_word' id='word_1_274' title='bbox 786 4283 855 4356; x_wconf 82' lang='lat' dir='ltr'>ibit</span> <span class='ocrx_word' id='word_1_275' title='bbox 876 4281 941 4352; x_wconf 84' lang='lat' dir='ltr'>alii</span> <span class='ocrx_word' id='word_1_276' title='bbox 962 4279 1083 4350; x_wconf 91' lang='lat' dir='ltr'>volunt</span> <span class='ocrx_word' id='word_1_277' title='bbox 1098 4277 1224 4371; x_wconf 68' lang='lat' dir='ltr'>Troja-</span> 
     </span>
    </p>
   </div>
   <div class='ocr_carea' id='block_1_3' title="bbox 897 4372 1025 4458">
    <p class='ocr_par' dir='ltr' id='par_1_4' title="bbox 897 4372 1025 4458">
     <span class='ocr_line' id='line_1_37' title="bbox 897 4372 1025 4458; baseline 0 0"><span class='ocrx_word' id='word_1_278' title='bbox 897 4387 900 4392; x_wconf 77' lang='grc'><strong>’</strong></span> <span class='ocrx_word' id='word_1_279' title='bbox 962 4372 1025 4458; x_wconf 80' lang='lat'>31³</span> 
     </span>
    </p>
   </div>
   <div class='ocr_carea' id='block_1_4' title="bbox 0 0 1504 5034">
    <p class='ocr_par' dir='ltr' id='par_1_5' title="bbox 0 0 1504 5034">
     <span class='ocr_line' id='line_1_38' title="bbox 0 0 1504 5034; baseline 0 6"><span class='ocrx_word' id='word_1_280' title='bbox 0 0 1504 5034; x_wconf 95' lang='lat' dir='ltr'> </span> 
     </span>
    </p>
   </div>
  </div>
 </body>
</html>
