3000 5034
296 499 381 572 ,DE
409 499 584 570 BELLO
612 500 863 572 GALLICO.
892 504 988 572 LIB.
1016 507 1043 572 I.
1169 504 1217 580 55

136 653 254 703 comm
275 631 376 702 sociis
397 629 522 704 bellum
543 631 700 722 inferret3
715 633 847 706 obsides
860 634 1015 707 redderet
1029 661 1036 703 :
1051 637 1079 705 si
1093 635 1219 708 nullam

136 751 266 832 partem
281 740 532 813 Germanorum
548 739 686 814 domurn
704 743 872 812 remittere
890 757 1018 838 posset,
1026 758 1060 816 at
1075 769 1118 814 ne
1135 771 1220 840 quos

136 843 279 939 amplius
303 846 461 916 Rhenum
479 847 621 921 transire
639 863 818 943 pateretur.
835 879 855 916 s

187 954 317 1022 XLIV.
338 953 525 1028 Ariovistus
546 953 589 1024 ad
610 953 778 1050 postulata
799 957 939 1028 Caesaris
960 981 1069 1051 pauca
1087 983 1221 1053 respon·

137 1057 202 1146 dit3
217 1058 261 1128 de
272 1061 341 1130 suis
354 1060 534 1135 virtutibus
554 1060 659 1135 multa
677 1063 890 1158 predicavit:
910 1065 1114 1136 «Transisse
1128 1065 1219 1134 Rhe·

137 1163 238 1256 num¹
252 1189 346 1255 sese,
364 1193 432 1240 non
450 1192 509 1239 sua
527 1184 662 1263 sponte,
676 1169 912 1264 sedrogatum
932 1185 967 1240 et
985 1173 1182 1242 arcessitum
1200 1197 1221 1242 a

13 1315 15 1324 ‚
66 1367 68 1370 Ι
138 1270 281 1361 Gallis²;
297 1299 367 1342 non
384 1275 455 1346 siue
475 1299 598 1370 magna
619 1301 678 1371 spe
699 1279 895 1372 magnisque
917 1279 1061 1372 praemiis
1081 1278 1221 1348 domum

137 1381 410 1475 propinquosque
425 1381 616 1476 reliquisse3
631 1383 724 1454 sedes
746 1383 899 1454 habere
889 1409 925 1453 in
939 1384 1068 1473 Gallia,
1082 1385 1151 1454 ab
1141 1387 1221 1480 ipsis

138 1509 334 1575 concessas3
350 1488 518 1558 obsides
509 1509 659 1584 ipsorum
683 1488 856 1560 voluntate
882 1489 998 1560 datos·
989 1492 1243 1586 ,stipendium

138 1578 279 1688 eapere³
289 1595 367 1686 jure
382 1594 480 1683 belli,
495 1597 586 1690 quod
607 1598 752 1666 victores
773 1598 870 1668 victis
890 1599 1063 1691 imponere
1085 1623 1222 1669 consue·

137 1701 221 1790 rint;
237 1725 309 1770 non
340 1726 411 1776 sese
434 1701 560 1792 Gallis,
576 1703 635 1774 sed
657 1702 773 1775 Gallos
803 1704 866 1774 sibi
895 1703 1021 1774 bellum
1051 1703 1222 1792 intulisse;

137 1832 252 1892 omnes
277 1806 394 1879 Galliae
416 1810 566 1883 civitates
575 1797 646 1879 ad
669 1837 705 1880 se
726 1810 992 1930 oppugnandum
1013 1813 1162 1899 venisse,
1182 1835 1221 1880 ac

137 1929 255 1984 contra
286 1939 322 1984 se
353 1930 464 1986 castra
489 1917 666 2005 habuisse,
682 1943 738 1986 eas
769 1942 886 1987 omnes
909 1919 1022 2014 copias
1049 1943 1070 1986 a
1095 1943 1131 1988 se
1152 1944 1223 1988 uno

136 2019 250 2116 praelio
274 2007 390 2091 liisas⁵
407 2047 447 2092 ac
465 2038 637 2118 superatas
652 2049 743 2113 esse3
762 2027 790 2095 si
803 2027 925 2094 iterum
941 2026 1086 2144 experirr
1077 2022 1221 2112 velint,

135 2130 258 2198 iterum
286 2143 441 2223 paratum
468 2155 540 2200 sese
566 2131 759 2219 decertare3
778 2132 806 2201 si
835 2157 932 2226 pace
945 2133 995 2202 uti
1016 2131 1170 2215 velints
1160 2133 1222 2200 ini·

136 2260 240 2328 quum
273 2253 367 2324 esse,
389 2237 430 2304 de
458 2237 623 2332 stipendio
649 2263 825 2326 recusare,
842 2239 934 2333 quod
960 2263 1021 2308 sua
1050 2237 1222 2308 voluntate

136 2342 178 2410 ad
207 2342 242 2412 id
265 2357 398 2438 tempus
420 2344 648 2439 pependerint.
666 2346 857 2416 Amicitiam
877 2344 994 2441 populi
1013 2370 1143 2416 romani
1135 2345 1222 2414 sibi
1281 2366 1285 2372 ’

137 2465 337 2520 ornamento
367 2464 402 2519 et
428 2451 614 2582 praesidio,
625 2477 695 2522 non
723 2451 923 2522 detrimento
949 2476 1020 2522 esse
1040 2465 1221 2545 oportere:

138 2555 236 2651 idque
264 2580 300 2626 se
327 2582 366 2626 ea
393 2583 452 2652 spe
470 2543 623 2654 petissel
643 2560 678 2628 Si
698 2583 766 2654 per
780 2557 944 2653 populum
966 2581 1143 2628 romanum
1165 2559 1222 2626 sti-

138 2663 298 2758 pendium
321 2666 525 2752 remittatur,
539 2680 573 2735 et
588 2665 728 2736 dedititii
750 2665 1005 2752 subtrahantur,
1022 2688 1094 2734 non
1112 2665 1223 2732 minus

138 2767 280 2841 libenter
301 2797 372 2844 sese
390 2788 622 2842 recusaturum
639 2771 757 2868 populi
773 2774 903 2846 romani
918 2773 1223 2864 amicitiam,quam

140 2879 323 2972 appetierit.
348 2879 451 2968 Quod
481 2877 728 2950 multitudinem
750 2882 998 2950 Germanorum
1026 2880 1062 2946 in
1080 2876 1225 2948 Galliam

142 2985 350 3073 transducat,
364 2986 398 3055 id
416 3011 451 3055 se
470 2987 520 3057 sui
542 2987 733 3076 muniendi,
748 3013 818 3057 non
831 2985 949 3058 Gallice
971 2984 1225 3106 impugnandae,

142 3115 241 3161 causa
259 3092 389 3161 facere
380 3093 479 3186 ,ejus
502 3095 549 3162 rei
570 3096 797 3163 testimonium
818 3119 909 3182 esse,
925 3093 1030 3188 quod,
1048 3093 1111 3162 nisi
1128 3115 1224 3186 roga-

143 3211 215 3287 tus,
233 3224 303 3268 non
324 3202 474 3289 venerit,
494 3216 528 3270 et
549 3201 640 3295 quod
661 3200 786 3270 bellurn
813 3226 883 3270 non
905 3190 1074 3288 intulerit,
1089 3198 1147 3268 sed
1169 3198 1225 3267 de-

143 3253 323 3374 tenderet
349 3309 392 3376 Se
420 3309 512 3401 prius
538 3310 573 3376 in
595 3307 738 3378 Galliam
763 3309 893 3380 venisse
903 3293 1041 3400 ⁸,quam
1062 3305 1226 3401 populum

182 3471 247 3524 Car.
264 3471 366 3524 XLIV.
393 3489 417 3524 r.
439 3472 556 3524 Menum.
579 3473 661 3541 Abest
706 3484 746 3530 ter
768 3469 874 3541 potius,
889 3488 971 3542 quam
990 3487 1063 3522 vere.
1082 3469 1138 3522 Soli
1154 3470 1226 3521 enim

144 3549 250 3604 aoodd.
267 3551 420 3617 nonnullis,
432 3565 459 3605 et
474 3552 562 3624 reipsa
574 3564 663 3624 potest
705 3549 788 3604 AEdui
803 3562 831 3604 et
845 3549 911 3602 socii
926 3568 1021 3602 corum
1036 3568 1098 3602 cum
1113 3568 1145 3601 eo
1160 3566 1226 3602 con-

145 3631 245 3697 omitti,
258 3644 286 3684 et
301 3632 364 3684 setis
380 3650 396 3684 e
416 3632 598 3704 superioribus
620 3632 662 3684 in·
706 3630 789 3703 gressi
803 3643 873 3684 sunt.
889 3631 962 3684 Gon.

147 3710 279 3782 telligitur.
302 3713 336 3765 In
358 3710 418 3766 eod.
440 3715 472 3766 R.
496 3712 572 3783 5763
590 3711 664 3766 adest
749 3710 775 3764 5.
789 3709 1226 3780 Fusas.NosterR.5763‚puLtas.

148 3808 197 3844 vox
211 3792 329 3846 Rhenum.
709 3837 712 3842 .
748 3795 776 3846 6.
793 3792 870 3864 quue
883 3813 909 3846 se
922 3795 1111 3864 easpepen'sn.
1127 3789 1215 3844 Soilic.
1298 3858 1300 3862 .

186 3891 211 3924 a.
228 3871 327 3926 Amo.
344 3892 360 3924 a
377 3871 468 3926 Gallis.
484 3872 612 3926 Arvernis
627 3891 664 3926 sc.
708 3873 861 3926 amicitiam.

148 3960 172 4000 et
186 3951 322 4022 Sequanis.
339 3951 406 4006 Vid.
422 3971 495 4024 supr.
508 3971 532 4006 c.
556 3953 603 4007 31.
750 3972 777 4022 7.
794 3951 945 4020 Defenderit.
967 3950 1105 4016 Arcuerit,
1117 3947 1229 4021 propul-

187 4032 212 4084 3.
225 4031 375 4105 Stupendt'um
391 4053 482 4104 capere.
498 4033 541 4084 Ab
555 4031 665 4097 AEduis,
709 4032 816 4088 severit.

150 4109 198 4164 rid.
211 4131 284 4185 supr.
299 4131 358 4184 cap.
371 4115 418 4168 36.
429 4145 470 4156 -
479 4112 585 4183 Caperes
597 4113 666 4166 hanc
751 4115 778 4167 8.
787 4108 892 4183 Seprius
901 4115 927 4162 in
935 4110 1105 4172 Gammae.
1118 4107 1153 4163 Id
1159 4129 1229 4181 quo.-

149 4206 237 4246 rooem
249 4205 350 4246 temere
363 4193 451 4264 rejicit
466 4192 597 4246 Clarkius.
613 4192 665 4246 On.
710 4211 763 4264 quc
769 4191 945 4246 mendaciter:
956 4210 1019 4244 nam
1029 4191 1163 4247 Domitius
1173 4191 1231 4244 lon·

188 4279 213 4336 4.
226 4273 317 4329 Omnes
328 4273 421 4329 Gallie
431 4277 547 4330 civitates.
559 4274 576 4326 J
578 4283 667 4328 aetan-
711 4291 744 4344 ge
755 4285 815 4327 aute
824 4275 957 4337 Aruernos
972 4273 1043 4326 bello
1058 4271 1180 4342 fregerat.
1193 4269 1229 4324 G.
