3000 5034
306 416 382 491 316
449 420 487 506 c.
515 417 662 488 Junn
688 415 930 487 CAESARIS
958 415 1238 486 counarr.

191 553 193 557 ’
302 552 436 645 tertius,
451 565 486 620 et
504 552 603 630 tertio
619 563 780 645 quartus;
797 574 858 619 nec
871 550 962 644 prius
980 547 1035 618 ille
1052 561 1101 617 est
1116 560 1375 643 apropuguato·

303 658 396 727 ribus
410 671 536 727 vacuus
546 656 679 729 relictus
690 654 801 744 locus,
813 680 913 750 quam
924 656 1099 743 ‚restincto
1113 678 1233 749 aggere
1238 653 1263 741 -⁷,
1275 667 1377 746 atque

303 765 396 833 omni
413 749 526 859 parte⁸
545 763 705 833 submotis
723 763 893 851 hostibus,
910 762 985 831 finis
1002 775 1053 831 est
1070 760 1239 856 pugnandi
1256 758 1377 853 factus.

357 872 486 940 XXVI.
515 871 638 939 Omnia
654 872 782 965 experti
804 867 910 957 Galli,
923 868 1013 963 quod
1033 892 1086 937 res
1099 866 1190 955 nulla
1201 890 1378 936 successe·

304 989 376 1063 rat,
388 991 522 1070 postero
535 975 589 1046 die
600 976 774 1047 consilium
789 989 967 1070 ceperunt,
979 1000 1020 1045 ex
1031 974 1155 1070 oppido
1170 969 1380 1070 profugere¹,

276 1150 279 1156 .
304 1080 461 1151 hortante
475 1097 509 1152 et
518 1083 657 1176 jubente
671 1083 953 1182 Vercingetorige.
972 1081 1031 1169 ld,
1045 1080 1174 1151 silentio
1195 1079 1305 1149 noctis
1323 1102 1380 1147 co·

306 1189 394 1276 nati,
407 1206 611 1284 nonmagna
619 1190 750 1283 jactura
762 1214 899 1259 suorum
911 1208 981 1257 sese
992 1187 1171 1257 effecturos
1184 1184 1381 1280 sperabant3

305 1287 483 1388 propterea
504 1296 595 1391 quod
611 1321 720 1390 neque
737 1294 836 1391 longe
858 1295 904 1375 ,ab
927 1292 1050 1389 oppido
1069 1302 1177 1361 castra
1197 1293 1382 1384 Vercinge-

306 1402 420 1494 torigis
440 1402 596 1491 aberant,
608 1417 643 1471 et
659 1402 753 1497 palus
770 1416 949 1498 perpetua,
963 1424 1038 1495 quae
1054 1397 1302 1486 intercedebat,
1315 1399 1381 1465 Ro-

207 1501 211 1512 .
305 1529 424 1585 manos
436 1506 479 1575 ad
493 1507 733 1600 insequendum
750 1506 912 1575 tardabat.
930 1508 1070 1599 Jamque
1088 1505 1154 1574 hoc
1172 1504 1282 1573 facere
1304 1527 1381 1571 noc·

305 1624 345 1681 tu
364 1613 589 1705 apparabant,
607 1636 711 1706 quum
724 1625 847 1682 matres
856 1609 1007 1680 familiae’
1022 1625 1157 1707 repente
1164 1612 1199 1679 in
1208 1608 1381 1705 publicum

229 1787 231 1791 ,
305 1730 568 1811 procurrerunt,
598 1717 805 1810 flentesque,
836 1718 992 1811 projectae
1022 1716 1065 1786 ad
1091 1718 1192 1812 pedes
1219 1741 1381 1806 suorum,

306 1823 462 1892 omnibus
478 1823 633 1916 precibus
655 1824 845 1916 petierunt,
867 1848 909 1891 ne
932 1848 966 1892 se
984 1837 1019 1891 et
1039 1818 1233 1899 communes
1258 1822 1381 1893 liberos

306 1927 458 1998 hostibus
476 1927 519 1997 ad
537 1926 736 2023 supplicium
758 1928 933 2017 dederent,
952 1952 1035 2023 quos
1054 1930 1096 1998 ad
1114 1928 1313 2025 capiendam
1333 1928 1380 1997 fir·

307 2057 384 2127 gam
406 2048 534 2103 naturae
559 2050 593 2103 et
613 2018 753 2103 virium³
772 2035 944 2105 infirmitas
970 2035 1152 2132 impediret.
1175 2035 1245 2105 Ubi
1266 2060 1327 2105 eos
1348 2037 1381 2103 in

308 2142 470 2208 sententia
495 2156 643 2235 perstare
667 2142 840 2231 viderunt,
862 2142 952 2236 quod
979 2142 1174 2238 plerumque
1196 2144 1231 2209 in
1250 2167 1380 2211 summo

308 2244 458 2341 periculo
482 2248 584 2315 timor
611 2248 870 2318 misericordiam
892 2274 960 2318 non
982 2251 1122 2344 recipit,
1149 2248 1380 2337 conclamare,

308 2366 343 2421 et
359 2352 555 2446 significare
579 2352 621 2423 de
650 2354 729 2449 fuga
759 2358 918 2425 Romanis
949 2370 1130 2451 coeperunt.
1159 2358 1237 2444 Quo
1262 2358 1380 2425 timore

240 2486 242 2491 ’
307 2461 475 2552 perterriti
495 2459 604 2549 Galli,
621 2486 664 2529 ne
688 2461 730 2529 ab
753 2464 901 2555 equitatu
923 2464 1152 2532 Romanorum
1173 2463 1235 2531 viae
1255 2486 1379 2557 praeoc-

308 2580 527 2658 cuparentur,
545 2566 681 2637 consilio
703 2567 908 2637 destiterunt.

361 2674 508 2742 XXVII.
529 2675 666 2743 Postero
684 2673 737 2743 die
751 2676 880 2764 Caesar,
892 2690 1047 2772 promota
1063 2679 1166 2765 turri,
1184 2660 1379 2770 directisque

309 2777 467 2871 operibus
477 2778 500 2866 ¹,
520 2804 593 2872 quae
621 2779 731 2849 facere
751 2781 962 2871 instituerat,
979 2807 1102 2879 magno
1127 2797 1244 2854 coorto
1266 2782 1379 2869 imbri,

353 2997 826 3069 7.1Iestinetoaggere.Idest,restincto
869 3002 948 3055 xima.
957 3002 1075 3073 Vulgatt.
1085 3000 1147 3055 edd.
1157 3013 1246 3055 notura
1257 3014 1286 3053 et
1296 3002 1379 3053 dirim

311 3075 431 3147 ignequi
441 3096 560 3149 aggerem
579 3079 825 3153 comprehenderat.
869 3080 1004 3151 iufirmitas.
1018 3082 1104 3135 Grec.
1120 3084 1250 3153 interpres
1271 3080 1380 3135 dolrada

313 3154 509 3219 ἀποσίεσθέντος
521 3166 565 3213 τοῦ
575 3162 657 3232 πυρός.
869 3166 914 3222 τῆς
928 3164 1029 3231 φύσεως.

355 3238 382 3291 8.
401 3236 478 3289 Omni
485 3250 565 3309 parte.
582 3239 650 3294 Cod.
665 3254 756 3295 noster
771 3260 824 3313 reg.
910 3242 974 3295 Car.
989 3242 1106 3294 XXVII.
1124 3260 1148 3295 1.
1162 3242 1317 3313 Direetisqae
1327 3258 1379 3309 ope·

315 3315 827 3391 5764,onmieeparte.Greee.inte1-pres:
870 3321 943 3374 ribus.
959 3320 1018 3375 Hoc
1037 3322 1097 3373 loeo
1112 3320 1211 3373 mirum
1226 3320 1256 3373 in
1271 3316 1379 3373 modum

312 3402 414 3449 aaaron
425 3403 474 3452 τῶν
484 3400 564 3467 ταύτῃ
573 3400 658 3454 ὄντων.
669 3401 736 3467 Qua
747 3400 827 3455 lectio
869 3401 973 3454 variant
983 3400 1151 3454 membrana.
1161 3399 1215 3453 Alii
1222 3401 1310 3453 multo
1322 3398 1379 3470 plu·

312 3474 448 3529 Hotmano
460 3477 554 3547 placet.
870 3499 928 3546 res,
943 3480 1020 3533 inter
1034 3498 1100 3551 quos
1120 3492 1210 3533 noster
1230 3480 1263 3533 R.
1288 3478 1379 3549 5763,

355 3556 420 3609 cir.
435 3557 538 3610 XXVI.
560 3576 585 3611 1.
603 3558 746 3629 Profiagere.
763 3558 827 3612 Hel·
867 3563 988 3631 persectis.
1002 3562 1037 3613 At
1051 3559 1122 3614 istud
1135 3560 1263 3631 glossema
1275 3556 1379 3611 videtur

312 3635 456 3700 leniamus,
470 3638 573 3707 φιὺγειν.
870 3640 946 3694 verbi
959 3640 1070 3703 directis,
1087 3658 1134 3693 seu
1147 3640 1262 3703 ductis,
1276 3650 1308 3691 ut
1322 3632 1377 3691 cod.

356 3734 382 3768 ².
398 3715 612 3788 Matresfamilioe.
627 3717 670 3769 Ita
684 3717 826 3789 optt.cod.
874 3720 949 3790 5764
964 3720 1059 3786 babet,
1074 3738 1121 3773 seu
1135 3716 1323 3789 erectis,quod
1337 3734 1378 3769 ex·
1412 3750 1417 3763 ·

314 3791 384 3847 And.
398 3795 525 3866 Bongars.
542 3797 620 3849 Voss.
634 3810 662 3849 et
675 3799 769 3852 nostri.
786 3799 827 3852 Ita
872 3812 922 3852 stat
937 3817 979 3871 ap.
996 3798 1074 3853 codd.
1091 3799 1194 3853 Dukeri
1206 3810 1232 3851 et
1239 3795 1377 3851 vossste.

315 3891 423 3947 quoque
435 3887 526 3928 noster
538 3873 573 3928 de
585 3876 651 3931 Bell.
663 3877 742 3931 civil.
751 3896 792 3945 π,
803 3898 826 3932 c.
871 3880 978 3931 Derecto
996 3880 1129 3933 Hotmano
1150 3879 1236 3952 placet
1255 3894 1263 3929 :
1284 3870 1379 3929 dicitur

308 3960 343 4030 ¹l·
359 3955 449 4027 Vulgo
465 3956 680 4022 matresfamilias.
723 3966 726 3970 '
872 3959 944 4013 enim
956 3960 1088 4031 eleganter
1102 3960 1206 4029 dirigere
1219 3956 1331 4017 castella,
1346 3954 1379 4006 g„
1477 3970 1478 4037 ᾗ

310 4038 313 4043 ’
358 4033 496 4088 &Naturae
507 4047 533 4087 et
541 4040 631 4089 ‘uirium
641 4036 775 4108 infimitas.
788 4038 830 4092 lta
873 4042 951 4110 rigere
961 4044 1042 4093 aciem.
1055 4041 1161 4094 Directis
1174 4038 1295 4111 operibus,
1310 4032 1378 4087 iden

317 4110 395 4173 wdd.
409 4127 477 4188 optt.
494 4127 522 4172 et
534 4130 688 4173 nostrorum
702 4138 764 4191 pars
777 4132 830 4173 ma·
874 4132 913 4177 est
926 4120 1090 4194 ao,oppidum
1095 4138 1178 4175 versas
1187 4116 1303 4191 promo
1315 4116 1378 4170 ιώ·
