3000 5034
218 518 287 587 DE
314 517 490 585 BELLO
518 518 765 589 GALLICO.
794 520 893 589 LlB.
920 522 986 591 Vl.
1044 522 1047 528 “
1089 520 1164 593 283

102 651 192 738 tium,
215 648 373 744 gravibus
401 647 545 744 acceptis
573 646 789 719 vulneribus:
821 675 929 747 aegre,
959 677 1020 748 per
1044 678 1164 724 manus

100 771 237 846 tncms,
259 770 420 826 servatur.
452 757 528 825 Hoc
558 758 666 850 spatio
695 758 918 853 interposito,
947 757 1064 855 reliqui
1093 786 1163 831 sese

52 864 58 885 '
99 862 542 949 confirmanttentum,utin
556 864 796 935 munitionibus
808 867 989 937 consistere
1001 867 1163 957 audeant,

99 973 293 1066 speciemque
314 969 529 1041 defensorum
554 969 733 1064 prebeant.

140 1080 299 1149 XXXIX.
328 1078 467 1147 Interim
487 1075 640 1147 confecta
658 1076 934 1168 frumentatione,
947 1079 1067 1151 milites
1085 1106 1162 1151 nos·

98 1187 131 1253 tn'
147 1182 327 1255 clamorem
348 1183 548 1254 exaudiunt:
567 1200 779 1279 praecurrunt
799 1188 945 1281 equites,
966 1202 1092 1281 quanto
1110 1214 1163 1259 res

98 1293 131 1360 sit
147 1293 181 1361 in
202 1291 372 1388 periculo,
394 1306 612 1387 oognoscunt.
635 1293 699 1362 Hic
717 1316 800 1361 vero
817 1291 909 1362 nulla
930 1295 1071 1363 munitio
1093 1311 1163 1382 est,

97 1423 158 1492 quse
183 1400 377 1493 perterritos
407 1399 562 1494 recipiat:
592 1396 694 1467 modo
723 1401 922 1495 conscripti,
954 1414 1053 1496 atque
1083 1426 1163 1471 usus

97 1505 232 1577 militaris
260 1506 425 1601 imperiti,
444 1505 488 1575 ad
519 1504 691 1575 tribunum
718 1504 869 1576 militum
886 1509 1163 1603 centurionesque

97 1636 146 1681 ore
176 1627 403 1683 convertunt:
430 1612 512 1707 quid
536 1613 579 1681 ab
610 1613 663 1683 his
695 1613 930 1710 praecipiatur,
959 1629 1162 1709 exspectant.

96 1720 193 1791 Nemo
213 1735 267 1790 est
278 1736 349 1789 tam
362 1719 479 1808 fortis,
493 1721 574 1814 quin
595 1722 642 1789 rei
663 1719 832 1790 novitate¹
846 1720 1070 1816 perturbetur.
1083 1725 1163 1790 Bar·

21 1825 22 1846 ¹
95 1824 180 1916 beri,
196 1830 293 1923 sigm
310 1825 430 1923 pmcul
451 1828 659 1922 conspicati,
679 1825 953 1923 oppugnatione²
975 1827 1162 1897 desistunt:

21 1977 23 2024 5
96 1934 207 2012 redisse
226 1935 339 2030 primo
358 1934 506 2030 legiones
528 1934 689 2023 credunt,
710 1960 794 2031 ques
816 1934 946 2031 longius
976 1934 1163 2005 discessisse

21 2073 22 2076 ¹
96 2065 129 2111 ex
148 2044 286 2139 captivis
308 2055 561 2137 ‹mgnoverantz
583 2057 718 2137 postes,
736 2041 893 2138 despecta
914 2044 1101 2137 paucitate,
1123 2066 1163 2111 ex

96 2150 240 2219 omnibus
258 2150 409 2243 partibus
425 2151 589 2244 impetum
611 2148 747 2219 faciunt.

76 2304 80 2312 η
140 2259 210 2326 XL.
236 2254 398 2327 Calones¹
414 2258 448 2325 in
463 2256 652 2351 proximum
667 2253 835 2325 tumulum
851 2270 1064 2350 procurrunt.
1077 2258 1163 2326 Hinc

20 2417 21 2450 3
96 2360 237 2433 celeriter
258 2362 399 2456 dejecti,
421 2388 457 2432 se
484 2364 519 2430 in
539 2363 635 2455 signa
662 2360 937 2457 manipulosque²
959 2362 1162 2455 conjiciunt:

20 2455 21 2516 ἶ
96 2492 130 2537 eo
143 2473 248 2565 magis
257 2470 391 2539 timidos
403 2480 590 2565 perterrent
609 2465 737 2537 milites.
758 2467 842 2557 Alii,
858 2492 967 2538 cuneo
985 2454 1111 2556 lacto³,
1127 2484 1165 2537 ut

20 2587 27 2615 ³
95 2574 236 2647 celeriter
263 2591 502 2673 perrumpant,
524 2589 680 2664 censent,
703 2576 861 2670 quoniam
883 2588 952 2645 tam
978 2577 1165 2670 propinqua

20 2711 21 2728 ¹
95 2683 153 2753 sint
168 2699 367 2772 cestiu3et,
386 2671 434 2752 si4
456 2708 535 2778 pars
556 2680 668 2776 eliqua
689 2684 919 2753 circumventa
937 2681 1110 2769 ceciderit,
1130 2696 1164 2750 at

20 2803 21 2806 ’
55 2833 64 2852 .
95 2777 251 2885 reliquos⁵
271 2792 396 2865 servari
421 2814 520 2886 posse
548 2788 745 2857 oonfidunt:
768 2788 842 2877 alii,
864 2804 903 2858 ut
922 2789 957 2858 in
975 2789 1058 2883 jugo
1084 2782 1164 2857 oon-⁴

95 2896 225 2987 sistant,
246 2913 346 2992 atque
365 2896 522 2965 eumdem
543 2920 659 2965 omnes
689 2894 800 2964 ferant
827 2920 950 2965 casum.
974 2898 1049 2965 Hoc
1074 2910 1164 2963 vete·
1224 2978 1229 2985 ι

95 3026 142 3072 res
157 3005 391 3100 non-probant
414 3002 553 3090 milites,
574 3027 658 3096 quos
679 3003 742 3071 sub
766 3001 886 3073 vexillo
907 3026 975 3071 una
997 3002 1165 3097 profectos

95 3104 271 3180 docuimus.
293 3113 412 3205 Itaque
434 3112 521 3178 inter
547 3132 582 3177 se
603 3108 788 3196 cohortati,
810 3108 895 3178 duce
917 3112 955 3178 C.
978 3109 1165 3196 Trebonio,

96 3308 123 3347 ut
135 3297 208 3349 aiunt
217 3295 325 3349 medici.
339 3296 405 3348 Mox
417 3295 491 3347 enim
505 3292 605 3345 dicitur
641 3314 645 3323 ·
691 3312 717 3345 s.
730 3292 923 3363 Manipulosque.
940 3290 1006 3343 Vid.
1021 3293 1058 3345 ib.
1076 3312 1099 3346 c.
1119 3292 1163 3345 ²5.

95 3389 201 3430 maus.
218 3376 364 3429 E1.0bes·l.
691 3372 717 3425 3.
726 3371 893 3437 Gtmeofheto.
907 3371 1015 3425 cuneus
1026 3370 1164 3425 dicebatur

132 3457 195 3511 Cn.
211 3456 341 3509 XXXIX.
365 3474 387 3507 1.
407 3454 474 3524 Quin
487 3456 524 3505 rei
536 3454 605 3505 novi·
648 3452 717 3505 seim
732 3450 847 3522 figuram
861 3450 962 3503 hebens
977 3451 1070 3518 cunei,
1084 3470 1164 3521 quam

96 3547 146 3589 tete.
155 3540 242 3590 Antee
250 3537 397 3606 legebatur,
406 3540 446 3607 qui
451 3552 502 3586 non
513 3536 551 3585 ni
561 3552 605 3583 no-
650 3533 743 3603 Veget
761 3530 780 3583 l,
795 3546 848 3595 m,
864 3548 887 3583 c.
904 3547 955 3598 19,
966 3528 1032 3583 dicit
1045 3548 1060 3582 e
1074 3531 1165 3583 militi-

97 3619 170 3670 ritate.
178 3616 297 3670 Gabriel.
305 3615 606 3687 Feernusprimuszquie
649 3612 700 3665 bus
721 3610 881 3683 appellatam
904 3622 984 3682 caput
1010 3610 1161 3681 pominom.

97 3700 128 3748 rei
136 3702 250 3763 mimo,
261 3709 367 3749 etcerte
377 3696 530 3767 elegantius.
540 3694 608 3747 Noe·
649 3691 871 3745 Adversariorum
886 3688 993 3743 ordines
1007 3706 1163 3761 perrumpe·

97 3776 213 3831 tcioodd.
230 3777 300 3829 hanc
314 3777 456 3831 lectionem
470 3775 605 3828 exhibent.
648 3775 710 3839 bat3
721 3790 786 3824 nam
800 3772 829 3825 in
844 3790 930 3825 unum
942 3772 1033 3823 locum
1045 3789 1061 3824 a
1075 3769 1161 3842 plori-

133 3877 158 3911 ι.
301 3855 607 3927 'ne.Al.cboppugmatio·
649 3854 764 3907 bastela
778 3852 997 3923 conjicieb'tntbr.

97 3954 129 3989 ee.
150 3937 268 3991 Omissio
292 3936 488 4009 prepositionis
510 3936 607 3989 usitata
692 3929 1164 3998 4.Et,ti.Malenonnulliunoverbo

97 4016 396 4085 cesari,ueint.l.v11,
410 4035 443 4070 re
456 4034 465 4068 t
477 4016 607 4086 Veringe·
650 4014 743 4087 legunt
757 4018 809 4066 etsi.
826 4014 866 4065 Et
879 4011 1008 4085 particule
1021 4010 1097 4083 jungi
1117 4008 1164 4063 de·

95 4102 169 4161 torre,
179 4099 258 4152 ubi...
265 4100 442 4171 oppugnatione
449 4097 551 4148 decenn
650 4096 697 4148 bet
708 4096 737 4147 in
746 4094 945 4146 constructione
955 4110 1016 4145 eun
1026 4088 1162 4161 confidunt,

134 4178 199 4235 Cer.
214 4178 274 4232 XL.
295 4198 318 4232 ι.
337 4177 449 4231 Calones.
464 4174 536 4232 Vide
548 4196 606 4249 sup.
650 4188 679 4229 et
689 4174 841 4247 oonjonctio
855 4176 877 4225 si
889 4192 951 4227 cum
962 4173 1080 4225 ceciderit.

93 4255 112 4310 l.
128 4277 164 4326 rr,
179 4280 201 4313 c.
222 4266 269 4323 ²4·
284 4258 403 4312 Militum
417 4258 494 4312 servi.
614 4255 617 4268 '
693 4256 719 4309 t.
736 4254 1049 4327 Arretiquos.1.e.‚tunc
1062 4252 1162 4306 saltem.
