3000 5034
338 458 407 525 os
434 448 606 525 santo
634 458 881 527 cancico.
911 460 1005 528 mn
1034 463 1084 527 ιι.
1200 462 1247 557 87
1291 477 1293 480 ’

175 584 337 679 pediebat.
353 590 414 659 His
435 588 683 660 difficultatibus
699 588 773 661 dure
791 608 955 661 reserant
972 592 1136 682 subsidio,
1152 595 1253 663 scien·

175 694 218 761 tia
243 709 343 789 atque
370 722 448 765 usus
475 695 634 785 militum,
650 696 760 793 quod,
773 699 998 793 superioribus
1019 699 1139 794 praeliis
1159 724 1252 768 exer·

177 800 284 889 citati,
301 803 382 896 quid
402 804 474 901 fieri
492 818 681 899 oporteret,
698 830 768 872 non
789 807 899 874 minus
917 807 1093 876 commode
1111 808 1172 901 ipsi
1191 807 1254 875 sibi

175 910 408 999 prescribere,
426 932 527 1004 quam
554 910 597 978 ab
619 908 689 980 aliis
710 910 823 980 doceri
844 926 1022 1006 poterant3
1043 928 1077 981 et
1097 910 1188 1007 quod
1210 913 1253 981 ab

175 1037 276 1107 opere
297 1015 500 1136 singulisque
522 1016 705 1112 legionibus
727 1016 874 1112 singulos
895 1021 1039 1113 Legatos
1062 1022 1174 1089 Caesar
1192 1018 1254 1089 dis·

175 1119 292 1189 cedere
303 1124 390 1211 ,nisi
419 1124 554 1193 munitis
581 1126 717 1212 castris,
737 1139 898 1193 vetuerat.
921 1126 965 1193 Hi
976 1140 1143 1246 ,propter
1171 1150 1251 1221 pro·

175 1227 394 1348 pinquitatem
425 1246 460 1301 et
489 1228 690 1304 celeritatem
720 1231 889 1318 hostium,
904 1180 1025 1300 nihil
1012 1252 1084 1325 Jam
1113 1234 1253 1302 Caesaris

175 1334 351 1428 imperium
366 1323 601 1432 spectabant⁶3
618 1338 675 1407 sed
694 1362 755 1432 per
775 1362 810 1406 se
818 1361 910 1433 qu,ae
931 1338 1141 1427 videbantur,
1154 1340 1254 1409 admi·

174 1440 367 1513 nistrabant.

226 1551 322 1617 ΧΧ..Ι
346 1552 480 1645 Caesar,
484 1552 675 1621 necessariis
696 1550 823 1653 rebus
814 1552 1000 1645 imperetis,
1017 1551 1069 1620 ad
1077 1552 1252 1621 cohortan-

176 1652 246 1724 dos
256 1655 396 1745 milites,
414 1674 515 1751 quam
536 1658 571 1725 in
599 1668 729 1752 partem
750 1654 840 1726 fors¹
859 1656 996 1747 obtulit,
1009 1658 1198 1727 decucurrit
1218 1673 1253 1728 et

177 1759 217 1827 ad
239 1760 404 1857 legionem
426 1762 589 1834 decimam
611 1764 754 1858 qlqtenit.
776 1763 900 1834 Milites
921 1788 990 1834 non
1012 1764 1161 1859 longiore
1176 1788 1251 1833 ora·

177 1869 265 1938 tione
287 1872 502 1967 cohortatus,
516 1894 616 1966 quam
637 1874 686 1941 uti
708 1896 775 1941 suae
805 1873 951 1967 pristinae
971 1868 1104 1941 virtutis
1124 1896 1251 1941 memo·

177 1976 258 2045 riam
281 1978 482 2067 retinerent,
496 2002 563 2047 neu
589 1979 867 2098 perturbarentur
893 1979 1262 2071 animo,hostiumque¹

177 2082 338 2178 impetum
368 2084 497 2154 sortiter
522 2087 722 2155 sustinerent
730 2086 851 2181 ,quod
879 2110 948 2153 non
979 2084 1109 2179 longius
1138 2085 1252 2153 hostes

178 2189 334 2280 aberant,
353 2216 453 2286 quam
470 2216 548 2297 quo
545 2191 673 2262 telum
692 2140 812 2286 adjici²
826 2206 956 2286 posset,
974 2190 1077 2286 praelii
1099 2194 1251 2260 commit·

178 2296 311 2365 tendi
286 2323 417 2392 signum
439 2298 538 2367 dedit.
560 2301 693 2393 Atque
684 2324 719 2366 m
736 2297 874 2369 alteram
892 2313 1022 2393 partem
1037 2300 1118 2366 item
1137 2298 1254 2366 cohor

178 2404 269 2473 tandi
296 2424 397 2475 eausa
426 2405 617 2501 proiectus,
640 2406 864 2499 pugnantibus
895 2406 1050 2474 occurrit.
1078 2406 1253 2497 Temporis

179 2523 271 2603 tanta
292 2511 355 2580 fuit
375 2514 555 2607 exiguitas,
566 2513 779 2606 hostiumque
799 2524 1020 2630 temperatus
1038 2510 1080 2578 ad
1097 2510 1253 2578 dimican-

179 2615 265 2686 dum
279 2621 428 2707 animus,
439 2634 479 2689 ut
498 2644 567 2689 non
588 2618 689 2689 modo
711 2618 783 2687 ad
774 2620 915 2712 insignia
936 2600 1249 2685 accommodanda*
1243 2669 1253 2705 ,

181 2723 357 2795 sedetiam
379 2726 421 2794 ad
444 2724 552 2821 galeas
573 2713 782 2794 induendas⁴
784 2726 978 2817 ,scutisque
1000 2724 1179 2828 tegimenta
1201 2722 1254 2790 de·

181 2818 363 2901 trahenda⁵
382 2848 514 2927 tempus
536 2829 684 2901 deliierit
707 2834 821 2923 Quam
842 2832 980 2926 quisque
1001 2833 1036 2898 in
1061 2843 1191 2923 partem
1210 2830 1253 2896 ab

183 3024 305 3089 servavit,
313 3025 379 3094 quin
387 3037 414 3076 et
422 3024 561 3077 victoriam
569 3024 696 3077 Romanis
738 3043 817 3077 rasse.
830 3023 933 3076 Erant
925 3036 990 3076 rtem
1001 3022 1114 3093 insignia
1127 3022 1256 3086 vestium,

183 3104 298 3174 peperit,
314 3123 394 3175 quam
406 3105 562 3175 Cesar,qui
574 3104 695 3157 hocloco
738 3123 795 3157 non
810 3115 914 3155 tanturn
928 3103 1030 3174 capitis.

184 3181 277 3252 peditis
285 3184 419 3237 temerarii
421 3185 527 3254 potius
537 3202 617 3255 quarn
628 3184 697 3253 peri·
781 3190 808 3246 d.
827 3182 919 3237 Galeas
934 3182 1075 3235 induendas.
1097 3181 1157 3234 Hoc
1180 3180 1257 3245 loco,

185 3263 274 3315 ussrrm
284 3261 360 3315 ducis
372 3276 460 3335 partes
475 3265 541 3335 egit,
550 3264 697 3317 emenibus
740 3264 828 3318 Cesar
853 3263 912 3315 vult
935 3260 1075 3319 ostendere
1099 3260 1257 3313 brevitatem

186 3342 235 3394 suis
249 3355 369 3414 ereptam
382 3342 579 3415 propemodum
592 3342 668 3397 vidit.
740 3342 893 3434 temporis:
911 3342 1000 3412 itaque
1024 3342 1060 3392 ait
1084 3340 1129 3392 vix
1153 3351 1258 3393 tantum

225 3426 249 3475 6.
265 3422 421 3493 Spectabunt.
444 3423 499 3476 Alii
519 3423 697 3493 exspectabant.
740 3422 819 3493 spatii
834 3421 930 3485 fuisse,
952 3417 1027 3491 quod
1047 3417 1191 3472 induendis
1208 3414 1257 3511 gs'·

223 3502 286 3555 Car.
303 3503 379 3556 XXI.
400 3523 424 3557 1.
447 3504 519 3557 Fors.
540 3504 581 3556 Ita
602 3502 698 3574 optimi
739 3502 789 3555 leis
814 3500 956 3554 sufficeret.
976 3500 1046 3553 Nam
1070 3499 1214 3551 Romani'
1206 3511 1258 3551 tter

185 3580 386 3654 totlioes.vulgo
395 3603 455 3636 sors.
463 3584 614 3654 Utrumque
620 3583 697 3637 bene.
741 3582 865 3635 facientes
879 3582 965 3652 galeas
978 3561 1137 3651 plerumque
1154 3579 1258 3649 pectori

225 3682 249 3715 ι.
266 3661 363 3733 Adjici.
372 3664 414 3715 Ita
424 3662 506 3729 mitti,
520 3677 551 3717 ut
562 3661 596 3715 ad
608 3664 697 3717 locum
741 3673 788 3714 aut
806 3673 881 3733 tergo
903 3672 1028 3733 appensas
1043 3658 1187 3730 gestabant.
1204 3658 1258 3709 Alii

184 3739 343 3794 destinatum
357 3744 517 3813 perveniret.
529 3741 615 3799 codd.
625 3743 697 3805 adici,
740 3742 833 3813 legunt
843 3741 1000 3805 temnendos,
1007 3739 1096 3791 minus
1104 3738 1185 3801 bene,
1195 3756 1258 3792 nam

184 3840 257 3875 more
271 3821 393 3875 solemni.
740 3840 818 3895 grec.
834 3820 946 3894 interpr.
959 3821 1006 3880 τὰς
1017 3818 1209 3890 repraesentetis<
1224 3820 1258 3870 ts·

216 3901 699 3973 &Insigriaaccommodandalnsignia
741 3897 876 3955 Nestos..
914 3946 920 3957 .

185 3978 314 4039 disserunt
333 4000 348 4034 a
369 3982 457 4053 signis.
474 3983 541 4037 Sunt
558 3984 637 4053 galea
657 4000 701 4035 ur·
785 3983 811 4035 5.
825 3980 949 4053 Scutisque
962 3976 1259 4051 tegimentadetralnnda.

186 4060 247 4115 sinis
262 4060 377 4133 pellibus
387 4074 462 4117 tecte
476 4075 503 4115 et
516 4075 609 4115 cetera
618 4060 646 4115 id
655 4080 700 4132 ge-
743 4062 846 4117 Notum
860 4061 985 4113 omnibus
1002 4077 1083 4130 quam
1097 4058 1202 4112 curiose
1216 4075 1260 4110 ve·

185 4156 242 4195 uus.
259 4141 355 4213 Polyb
377 4143 396 4194 l.
419 4160 464 4207 vt,
484 4142 576 4197 scribit
596 4142 700 4213 pilanos
743 4154 811 4195 teres
834 4154 908 4195 scuta
927 4140 970 4195 vel
997 4140 1109 4211 picturis
1133 4138 1177 4191 tel
1201 4136 1260 4191 aliis

185 4222 268 4290 galeas
283 4214 343 4277 siras
358 4221 460 4293 supinis
478 4222 579 4276 exrtviis
603 4240 700 4277 exone·
743 4221 890 4291 insignffius
909 4232 1076 4275 exornarent.
1092 4220 1179 4274 Porro
1196 4219 1259 4285 tegi

1030 4305 1080 4389 64
