3000 5034
287 436 356 509 132
421 442 459 521 C.
487 443 633 510 JULII
660 443 899 512 CAESARIS
927 444 1206 514 COMMENT.

280 570 326 640 illi
348 572 438 642 domi
460 548 642 644 remanent.
656 576 710 644 Sic
725 600 833 669 neque
846 575 1063 671 agricultura,
1078 601 1140 647 nec
1152 576 1237 644 ratio
1254 588 1355 666 atque

280 702 360 763 usus
372 678 466 768 belli,
477 681 713 751 intermittitur.
730 682 796 751 Sed
808 684 929 777 privati
946 707 985 753 ac
1003 684 1144 779 separati
1162 680 1251 777 agri⁷
1264 679 1357 779 apud

281 810 338 854 eos
360 785 442 857 nihil
463 801 530 875 est,
543 782 658 881 neque‘
672 786 804 883 longius
825 813 914 858 anno
936 814 1107 859 remanere
1128 814 1197 862 uno
1218 788 1254 855 in
1280 786 1356 855 loco

280 890 447 961 incolendi
465 880 582 962 causa⁸
594 892 679 963 licet.
694 897 814 987 Neque
827 895 970 965 multum
987 896 1173 983 frumento,
1186 893 1244 963 sed
1258 894 1358 962 maxi·

280 1023 369 1067 mam
382 998 530 1094 partem⁹
543 1000 628 1070 lacte
649 1015 748 1095 atque
770 1026 891 1096 pecore
908 1003 1044 1090 vivunt,
1057 1001 1266 1095 multumque
1279 1012 1359 1068 sunt

174 1118 175 1121 ’
279 1108 313 1173 in
335 1107 588 1177 venationibus:
607 1132 680 1202 quae
702 1133 771 1195 res,
792 1123 827 1177 et
857 1108 921 1178 cibi
949 1134 1089 1203 genere,
1112 1123 1145 1177 ct
1166 1106 1360 1201 quotidiana

279 1213 582 1301 exercitatione,et
606 1213 757 1283 libertate
777 1215 871 1302 vitae,
888 1215 982 1309 quod>
1000 1240 1021 1283 a
1041 1216 1153 1309 pueris
1174 1212 1266 1282 nullo
1287 1211 1360 1281 offi-

280 1320 332 1387 cio
353 1334 413 1388 aut
434 1320 605 1415 disciplina
627 1320 818 1409 assuefacti,
833 1321 916 1389 nihil
942 1323 1079 1390 omnino
1100 1317 1358 1391 contra-volun·

280 1439 383 1494 tatem
405 1426 590 1516 faciant,et
611 1427 698 1523 vires
720 1426 794 1515 alit,
816 1442 850 1496 et
871 1428 1007 1496 immani
1029 1452 1209 1523 corporum
1231 1427 1359 1521 magni-

281 1532 396 1609 tudine
417 1532 602 1603 homines¹⁰
620 1532 732 1602 efficit.
747 1535 857 1628 Atque
878 1534 913 1602 in
934 1559 1009 1603 eam
1027 1560 1061 1603 se
1083 1532 1360 1603 consuetudinem

281 1637 508 1729 adduxerunt,
521 1655 560 1709 ut
581 1638 661 1709 loeis
684 1638 917 1735 frigidissimis,
932 1666 1039 1735 neque
1067 1642 1220 1729 vestitus,
1239 1654 1361 1734 praeter

281 1744 401 1839 pelles,
419 1746 565 1815 habeant
585 1745 766 1839 quidquam
788 1737 949 1839 (quarum
970 1761 1109 1841 propter
1131 1747 1360 1842 exiguitatem,

282 1877 405 1947 magna
426 1867 476 1921 est
498 1853 647 1948 corporis
669 1874 746 1946 pars
760 1845 1153 1947 aperta¹¹),etlaventur
1165 1846 1234 1921 ”in
1248 1852 1359 1922 llumi·

283 1958 390 2027 nibus.

260 2058 268 2073 ²
336 2066 382 2131 II.
407 2064 650 2133 Mercatoribus
667 2079 718 2133 est
735 2064 778 2133 ad
798 2090 855 2134 eos
877 2065 1001 2152 aditus,
1023 2068 1128 2163 magis
1150 2092 1209 2155 eo,
1226 2082 1266 2136 ut
1286 2092 1361 2162 quae

285 2268 396 2327 interae
408 2264 487 2318 codd.
502 2277 581 2335 atque
595 2262 656 2317 edd.
673 2264 799 2319 Nostram
843 2268 902 2318 κιῖν.
917 2266 1042 2319 Attamen
1059 2266 1153 2319 colendi
1171 2284 1223 2338 pro
1242 2268 1363 2319 mundi

260 2354 268 2369 ²
285 2344 427 2398 lectionem
437 2346 537 2397 habent
551 2342 630 2398 codd.
645 2357 673 2397 et
684 2343 800 2401 editores
844 2344 899 2397 dici
907 2363 985 2417 potae
998 2346 1042 2399 vel
1057 2347 1090 2397 ab
1102 2358 1170 2417 optt.
1183 2345 1286 2417 scriptt.
1299 2366 1362 2419 pro·

286 2424 365 2479 multi
376 2425 429 2478 :ita
442 2444 549 2497 quoque
559 2425 622 2495 legit
630 2443 706 2495 graec.
717 2425 801 2477 inter·
843 2426 941 2479 batur:
954 2425 1001 2477 Sil.
1014 2426 1073 2478 Ital.
1089 2426 1108 2477 l.
1121 2445 1153 2491 v,
1169 2432 1234 2488 ²41.

286 2507 391 2577 pressei
401 2506 444 2576 μὲν
454 2508 476 2558 ἰν
484 2510 516 2574 τῇ
523 2500 627 2574 πατρίδι
637 2506 802 2576 καταμείναν·
850 2537 871 2549 ··
882 2538 887 2550 .
897 2536 903 2548 .
912 2536 918 2548 .
928 2537 933 2548 .
945 2503 996 2549 Nisi
1005 2519 1076 2565 quem
1087 2503 1145 2549 dun
1156 2504 1203 2550 inu
1214 2504 1336 2551 colonam

286 2604 342 2649 τες,
355 2586 455 2646 ἑαυτούς
471 2606 499 2637 τι
514 2584 555 2637 καὶ
564 2586 665 2645 ἐκείνους
678 2589 801 2657 τρέφουσι.
844 2584 983 2628 Damnfflet
992 2584 1077 2645 Stygiae
1087 2583 1158 2629 ²⁰05·

287 2664 342 2715 Alii
354 2684 409 2717 non
421 2665 529 2717 levioris
543 2682 650 2735 quoque
663 2664 804 2717 auctorita·
846 2662 899 2716 Sed
913 2665 1015 2716 rariora
1026 2677 1089 2717 sunt
1102 2665 1230 2735 exempla.

288 2744 804 2815 tis:Reliquidomimunentrproseatque
896 2762 922 2811 9.
949 2744 1084 2796 Maximum
1104 2733 1206 2815 partem.
1230 2744 1362 2799 Hellenis·

289 2824 338 2875 illis
352 2819 590 2885 colunt(terram).
609 2826 644 2876 At
662 2822 803 2875 durissima
846 2841 925 2875 mua:
940 2822 1022 2882 κατὰ,
1040 2823 1202 2889 secundum,
1221 2844 1251 2875 eu
1267 2826 1363 2894 μαψ

289 2904 399 2955 auribus
414 2902 552 2973 repetitio,
568 2904 655 2975 reliqui
668 2904 734 2954 domi
751 2923 804 2953 ma·
840 2906 932 2973 partr'e.
941 2902 1067 2957 Similiter
1073 2904 1128 2957 cic.
1137 2902 1267 2957 dereditu
1273 2924 1322 2957 suo
1329 2904 1363 2959 ad

290 2995 360 3044 nent,
382 2994 408 3034 et
422 2982 511 3034 statim
525 2982 597 3046 haec,
615 2982 652 3033 illi
673 2984 739 3034 domi
752 3002 804 3033 ma·
847 2983 915 3053 Pop.
924 2982 1043 3053 Magnam
1048 2997 1143 3055 purtem
1151 2987 1253 3035 tectisue
1263 2986 1363 3038 tenebris
1452 3043 1454 3046 .

291 3074 364 3123 nent;
384 3060 455 3113 uude
470 3062 602 3113 Gruterus
620 3082 650 3115 ea
668 3062 752 3115 veluti
764 3082 807 3115 su·
847 3062 1035 3116 continebaumr.

291 3140 393 3213 perflua
404 3139 547 3211 rejicienda
555 3142 728 3195 existimabat.
736 3140 805 3195 Cod.
892 3160 937 3194 ιο.
953 3144 1077 3196 Homines.
1090 3145 1124 3196 Τὸ
1138 3145 1242 3195 hommes
1253 3145 1323 3199 male
1338 3157 1364 3199 et

291 3242 347 3293 reg.
364 3221 456 3291 5763,
472 3220 571 3292 reliqui,
585 3226 627 3292 qui
639 3222 705 3273 domi
716 3241 807 3273 mame·
848 3235 941 3274 contm
962 3221 1041 3275 codd.
1057 3224 1186 3295 expunxit
1200 3223 1267 3278 Scal.
1288 3226 1363 3277 Non·

293 3314 363 3365 runt,
380 3321 406 3352 se
421 3314 492 3373 atque
510 3302 564 3352 illos
583 3302 660 3355 alunt.
675 3302 710 3353 Et
725 3303 806 3373 paulo
848 3302 917 3354 nulli
929 3321 979 3373 pro
989 3303 1093 3375 homines
1101 3303 1193 3374 legunt
1204 3324 1252 3357 eos.
1268 3304 1365 3377 Perpe·

292 3396 366 3454 poet,
374 3382 411 3433 illi
424 3382 489 3432 domi
499 3393 627 3433 remanent.
639 3380 707 3434 Cod.
720 3382 806 3451 5764,
847 3400 915 3435 ram.
926 3383 1007 3435 Recte
1016 3401 1093 3453 graec.
1111 3384 1159 3446 int.
1169 3383 1221 3436 Kal
1231 3386 1363 3455 πιλωρίους

294 3464 360 3535 reliq·
375 3466 417 3534 qui
429 3461 493 3513 dom.
506 3456 673 3524 remanseriut,
687 3472 733 3514 ete.
844 3464 964 3533 μεγέθους
974 3459 1066 3533 ἄνὲρις
1076 3466 1189 3533 παρέχει.
1197 3463 1293 3535 Pomp.
1300 3464 1364 3517 Met.
1382 3506 1387 3515 .

336 3562 362 3613 7.
372 3544 623 3611 Privatiaeseparuti
628 3545 690 3616 agri.
699 3540 808 3595 Tacitus
849 3541 868 3593 l.
889 3559 939 3607 111,
952 3560 976 3593 c.
1000 3532 1026 3594 3.
1047 3543 1100 3611 Qui
1113 3542 1241 3605 habitant,
1260 3544 1364 3615 inquit,

294 3620 366 3674 idem
376 3621 457 3673 habet
470 3618 504 3672 de
519 3620 557 3672 M.
572 3620 663 3673 Germ.
681 3621 808 3688 39.Arua
849 3624 962 3672 immanes
973 3634 1031 3672 suut
1040 3625 1206 3695 adiuuatque
1214 3624 1365 3694 corporibus,
1382 3663 1385 3669 «

290 3720 423 3772 perennes
444 3712 549 3761 mutant,
570 3712 596 3750 et
615 3712 721 3771 superest
738 3720 805 3769 ager.
849 3701 923 3751 etad
935 3705 1031 3751 undam
1038 3702 1164 3768 feritatem
1177 3709 1248 3754 ‘ueste'
1264 3716 1365 3776 utruqm

294 3782 328 3834 Et
343 3800 415 3853 supr.
433 3780 502 3849 Agri
511 3799 561 3851 pro
580 3800 676 3835 numero
690 3780 807 3831 cultorum
848 3792 971 3841 exercent,
984 3792 1030 3832 etc.

294 3861 326 3913 ab
338 3866 451 3914 uniuersis
463 3864 578 3929 pervices
590 3870 749 3930 occupentur,
760 3871 805 3912 ete.
873 3876 905 3911 11.
912 3858 1015 3929 Aperta.
1022 3858 1288 3914 Nudamembromm
1293 3880 1363 3933 pars.

340 3945 366 3995 8.
382 3939 513 3993 Ineolendi.
534 3938 620 3993 Codd.
643 3939 765 3991 nonnulli
780 3952 807 3991 et
875 3956 920 3991 12.
940 3940 1062 3993 Lat-entur
1079 3945 1104 3991 iri
1117 3941 1268 4012 flaminibus.
1288 3939 1365 3995 Idem

259 4036 261 4043 ¹
292 4020 381 4074 Ciacc.
396 4020 496 4072 colendi.
510 4019 610 4072 Forsan
622 4019 711 4071 minus
724 4018 805 4084 bene;
848 4017 929 4071 habet
945 4017 1033 4085 Mela,
1056 4020 1124 4073 aurit
1144 4015 1215 4073 reite
1234 4021 1364 4075 C'aeaarem

293 4118 356 4151 nam
372 4100 400 4152 h.
416 4101 435 4153 l.
451 4097 485 4151 de
499 4098 677 4163 habitatione,
695 4117 750 4150 non
771 4096 805 4151 de
847 4111 972 4151 nostrum
990 4113 1103 4153 secutus.
1114 4102 1299 4154 -Lamue
1311 4100 1364 4155 Alii

293 4180 453 4250 agricultura
464 4196 550 4231 sermo
561 4191 608 4231 est.
620 4177 705 4232 Grac.
719 4196 804 4240 auret-
849 4178 968 4235 umen.
979 4178 1044 4233 vid.
1056 4179 1251 4250 Virg.En.11,
1264 4181 1328 4236 603.
