3000 5034
174 512 180 522 ·
267 477 340 575 196
400 476 446 555 C.
466 472 899 549 JUL11,cAEstltls
927 472 1220 544 COMMENT.

260 611 386 681 inimici
401 607 530 704 palam,
548 605 660 676 multis
685 607 788 675 etiam
811 616 863 675 ex·
877 606 1011 677 civitate
1022 606 1340 694 'auctoribus‚'eum

260 718 519 787 iuterfecerunt.
531 714 692 805 Defertur
713 737 754 782 ea
774 738 828 783 res
848 712 892 781 ad
913 715 1089 783 Caeserem.
1111 712 1177 781 Ille'
1192 715 1339 803 veritus,

261 824 353 919 quod
366 824 409 893 ed
423 821 536 918 plures
551 819 740 916 pertinebat
748 818 772 908 ²,
780 844 824 889 ne
837 820 953 889 civitas
965 826 1082 889 eo'rum
1096 818 1242 915 impulsu
1255 820 1340 889 defi-

262 946 372 1018 ceret,
385 932 423 998 L.
440 928 601 998 Plancum
617 952 700 1008 cum,
711 926 841 1021 legione
857 951 897 996 ex
908 924 1022 1021 Belgio
1039 925 1189 997 celeriter
1202 929 1238 995 in
1255 928 1340 997 Car·

262 1052 359 1107 nutes
380 1036 548 1131 proficisci
557 1035 668 1129 jubet,
683 1034 796 1129 ibique
817 1033 984 1121 hiemere3
1005 1042 1214 1128 quorumque
1235 1058 1342 1127 opera

263 1144 458 1238 cognoverit
475 1143 667 1236 Tasgetium
688 1142 918 1228 interfectum,
935 1088 1002 1209 hiis
1019 1140 1278 1235 comprehensos
1297 1139 1345 1213 ad

263 1274 298 1319 se
319 1251 459 1339 mittere.
478 1250 618 1318 Interim
633 1248 676 1317 ab
691 1248 847 1317 omnibus
862 1250 997 1342 Legatis
1012 1232 1330 1340 Quaestoribusque³
1332 1295 1344 1335 ,

262 1334 383 1450 quibus
400 1354 547 1449 legiones
559 1352 801 1443 transdiderat,
812 1356 934 1424 certior
950 1352 1058 1424 factus
1071 1368 1138 1443 est,
1152 1355 1187 1422 in
1201 1353 1346 1423 hiberno

263 1476 478 1557 perventum,
492 1460 670 1555 locumque
689 1460 837 1530 hibernis
854 1473 928 1529 esse¹
940 1463 1117 1533 munitum.
1159 1504 1163 1510 ι

317 1570 445 1637 XXVI.
474 1568 601 1637 Diebus
618 1568 750 1635 circiter
763 1570 849 1654 XV,
862 1566 983 1659 quibus
994 1568 1038 1635 iu'
1045 1566 1186 1635 hiberna
1195 1573 1349 1637 ¹venturu

264 1690 332 1763 est,
342 1676 473 1743 initium
490 1674 655 1768 repentini
672 1670 835 1741 tumultus
848 1696 887 1739 ac
899 1670 1094 1742 defectionis
1108 1687 1220 1744 ortum
1233 1688 1286 1764 est
1297 1674 1348 1743 ab

264 1780 457 1875 Ambiorige
481 1794 516 1849 et
542 1776 757 1849 Cativolco¹z
779 1779 837 1870 qui
858 1801 963 1870 quum
983 1776 1126 1846 adfines
1152 1781 1253 1872 regni
1268 1777 1346 1848 sui'

264 1888 388 1957 Sabino
399 1889 572 1979 Cottaeque
585 1897 706 1979 praesto
717 1882 857 1952 fuissent
861 1883 1167 1978 frumentumque
1158 1910 1192 1953 m
1201 1885 1348 1959 hiberna

264 1994 581 2088 comportavissent‚
589 1989 811 2058 Indutiomari
821 1990 949 2060 Treviri
963 1991 1092 2059 nunciis
1104 1990 1255 2122 impulsi,
1264 2018 1346 2064 suos

124 2066 125 2073 .
159 2136 164 2151 ·
264 2101 537 2185 concitaverunt,
555 2096 730 2189 subitoque
758 2096 923 2191 oppressis
947 2083 1198 2191 lignatoribusss
1220 2123 1345 2194 magna

754 2188 767 2232 t

264 2230 367 2275 manu
385 2219 494 2273 castra
513 2217 745 2298 oppugnatum
780 2218 953 2272 venerunt.
966 2204 1082 2292 Quum
1097 2202 1248 2274 celeriter
1265 2232 1344 2276 nos·

152 2358 156 2361 -
266 2314 309 2381 tri
327 2336 421 2381 arma
431 2312 614 2405 cepissent,
629 2306 820 2403 vallumque
836 2309 1083 2399 ascendissent,
1098 2326 1197 2405 atque
1216 2337 1285 2382 une
1302 2338 1344 2389 ex

265 2434 360 2515 parte
382 2419 539 2513 Hispanis
555 2416 720 2513 equitibus
740 2416 867 2485 emissis
874 2419 1045 2509 ‚equestri
1062 2416 1176 2512 praelio
1194 2422 1345 2513 superio

265 2551 318 2595 res
341 2526 498 2611 fuissent,
519 2523 693 2617 desperata
716 2549 772 2611 re,
793 2524 906 2592 hostes
928 2548 1005 2593 suos
1027 2524 1070 2592 ab
1095 2528 1345 2657 oppugnatione

265 2632 478 2701 reduxerunt.
495 2634 580 2701 Tum
596 2656 657 2700 suo
674 2654 768 2699 more
785 2628 1096 2719 conclamaverunt,
1107 2633 1155 2701 uti
1167 2619 1287 2727 aliqui⁵
1302 2659 1344 2705 ex

267 2858 348 2913 multis
363 2864 466 2916 civitatis
476 2859 624 2931 principibus
632 2858 782 2921 auctoribus,
827 2859 899 2930 gioni
907 2858 1073 2930 cuique,vid.
1081 2873 1172 2913 notam
1178 2859 1225 2914 lib.
1233 2880 1255 2927 1,
1262 2879 1285 2914 c.
1296 2860 1313 2915 5
1316 2881 1342 2916 r.

263 2942 528 3011 paleminteifecerunt.
536 2939 785 3011 Interpunctionem
869 2940 933 2992 Cir.
944 2940 1025 2993 XXV
1026 2941 1048 2993 1.
1061 2940 1234 3011 LAmhiorlge
1240 2955 1266 2993 et
1271 2942 1341 2995 caii·-

266 3020 400 3091 vulgatam
411 3020 520 3071 restitue
531 3038 562 3071 ex
572 3037 674 3089 greco:
688 3023 785 3071 tertium
827 3020 906 3072 volco.
928 3020 953 3071 Ii
972 3033 1048 3073 erant
1069 3039 1143 3092 reges
1167 3022 1342 3088 Eburonum,

263 3102 317 3168 jam
325 3100 386 3151 lium
396 3118 485 3151 annum
494 3110 632 3169 regnantem
641 3102 731 3151 inimici
736 3119 786 3169 po·
827 3119 901 3170 supr.
912 3118 937 3152 c.
956 3106 1001 3161 ²4·
1019 3099 1126 3152 Ibidem
1140 3098 1175 3153 de
1195 3100 1295 3154 Sabino
1315 3114 1343 3156 et

269 3180 333 3245 lam,
344 3191 411 3246 etc,
403 3198 411 3211 ·
427 3193 454 3231 et
464 3180 527 3230 bunc
541 3179 612 3231 refer
624 3176 658 3232 ed
669 3175 783 3233 ¹minum.
828 3179 907 3232 Cotta
916 3180 1008 3250 legatis
1016 3180 1115 3251 legioni
1126 3182 1285 3276 prepositis:

312 3280 337 3312 2.
352 3259 400 3313 Ad
408 3260 491 3330 plures
500 3258 647 3329 pertinebat.
662 3260 785 3329 Vulgetm
870 3278 896 3312 ι
909 3260 1037 3331 Quiqwm
1048 3260 1084 3311 ad
1086 3258 1152 3329 fines
1163 3280 1231 3331 regar
1243 3282 1289 3325 sur
1296 3273 1341 3317 etc.

269 3337 344 3409 editt.
361 3339 462 3391 bahent
481 3339 562 3392 adl
530 3359 613 3409 pures
629 3359 675 3392 res.
692 3340 784 3392 Nostri
827 3337 1352 3411 Primumamiciobviamlegatisierent,

268 3416 719 3491 codices,atque0udendorpiani‚
728 3438 785 3472 non
827 3436 917 3489 eisque
926 3420 1091 3473 frumentum
1100 3420 1342 3491 suppeditaverunt

267 3512 422 3570 agnoscunt.
448 3498 566 3553 Videtur
594 3498 720 3552 excidisse
752 3519 785 3551 ex
870 3499 1342 3573 3.Lignatorrbus.1.ignator‚quili·

267 3577 430 3649 precedenti
441 3580 586 3633 vocabulo:
594 3577 699 3632 nullum
712 3580 785 3632 enim
827 3597 878 3649 gne
892 3580 1016 3650 colligit
1007 3599 1037 3631 m
1052 3599 1131 3632 usum
1142 3581 1214 3633 valli.

268 3678 377 3713 sensum
391 3659 479 3711 offert.
869 3665 897 3723 4.
909 3659 998 3712 Castra
1010 3672 1182 3730 oppugnatum.
1193 3661 1237 3713 Al.
1243 3680 1341 3732 pugna·

310 3738 336 3791 3.
355 3738 574 3809 Quaestorihusque.
586 3738 664 3791 Unus
681 3749 786 3789 tantum
829 3749 888 3791 tum.
896 3739 939 3791 Al.
948 3739 985 3791 ad
994 3751 1075 3791 castro
1088 3740 1260 3811 oppugnanda.
1272 3738 1340 3794 cod.

269 3830 460 3889 eratquaestor‚
465 3819 504 3870 M.
512 3818 630 3882 Crassus,
641 3814 686 3871 sed
697 3816 786 3871 Caesar
828 3817 1264 3891 R5763,adcastraobpugnotum.
1273 3819 1339 3876 cod

269 3897 415 3971 generatim
434 3897 469 3951 de
482 3897 595 3950 ducibus
607 3896 737 3968 loquitur.
750 3899 785 3951 In
805 3897 924 3982 5764,
939 3898 975 3950 ad
987 3910 1068 3950 castra
1083 3899 1254 3971 obpugnanda.

270 3996 341 4049 quo,
355 3978 392 4029 eit
406 3978 516 4043 Morus,
531 3995 586 4029 non
604 3994 708 4029 summa
722 3966 808 4031 dili·
870 3976 896 4031 5.
907 3977 1012 4049 Aliqui..
1016 3980 1161 4049 ,prodirent
1171 3980 1213 4033 Al.
1227 3981 1339 4051 aliquis...

270 4058 372 4131 gentio,
383 4055 417 4108 ud
439 4076 582 4111 numerum
601 4071 691 4111 exacta
711 4076 784 4129 quoe-
822 4056 941 4128 prodiret
957 4059 999 4112 Ita
1020 4078 1127 4131 quoque
1141 4058 1222 4113 codd.
1237 4058 1339 4124 nostri3

272 4134 355 4192 rende
374 4149 421 4190 est.
436 4136 522 4191 Graec.
537 4136 618 4190 behet
636 4138 783 4207 χιλιάρχους.
827 4135 900 4191 unde
922 4136 992 4194 hanc
1015 4140 1157 4197 lectionem
1178 4158 1269 4197 veram
1288 4155 1340 4193 esse

272 4218 308 4273 At
319 4214 353 4275 de
364 4217 547 4283 Quustoribus
558 4216 739 4291 peculieribus
748 4219 786 4269 le·
828 4218 955 4290 suspicor.
