3000 5034
277 527 354 618 486
397 535 403 540 “
664 527 734 596 DE
763 523 967 597 GALLIA'
1348 613 1353 620 Ι

274 689 338 733 nos
351 661 443 732 urbis
456 685 524 732 suae
535 660 664 730 excidio
677 659 828 754 elapsos,
844 653 993 728 desertas
1009 672 1044 728 et
1056 657 1199 730 incultas
1212 659 1359 756 Europe

274 771 428 865 regiones
457 771 549 864 prius
569 766 761 838 incoluisse.
792 769 972 864 Perperam
996 791 1003 833 :
1027 789 1106 835 narn
1135 780 1361 863 praeterquam

276 877 367 972 quod
388 874 581 947 incredibile
593 888 644 944 est
661 875 884 968 Trojanorum
901 873 1054 968 reliquias
1073 888 1124 943 tot
1138 876 1293 969 regiones
1309 877 1358 942 in·

277 983 358 1054 colis
368 982 474 1053 ditare
483 979 735 1077 potuisse,illud
745 983 955 1076 potissimum
967 981 1197 1076 obstat,quod
1203 982 1358 1076 jamante

275 1091 429 1184 Europa,
443 1087 597 1160 Herculis
612 1089 835 1183 temporibus,
846 1088 1022 1158 bominum
1041 1113 1183 1158 numero
1199 1088 1359 1184 frequen-

276 1199 403 1266 tissima
423 1197 532 1266 fuerit.
557 1197 689 1286 Quarta
706 1195 820 1291 opinio
842 1186 886 1264 de
897 1194 1070 1274 Celtarum
1089 1196 1218 1290 origine
1235 1196 1359 1291 proba·

276 1303 377 1373 bilior
397 1304 545 1391 videtur3
562 1327 637 1399 quae
651 1302 785 1398 quidem
802 1302 920 1372 eodem
939 1326 1034 1398 paene
1054 1300 1158 1391 redit,
1173 1303 1265 1372 unde
1285 1301 1362 1372 libri

279 1411 365 1480 sacri
383 1410 656 1531 proficiscuntur,
672 1409 715 1478 ad
734 1434 810 1478 earn
827 1409 894 1478 scil.
911 1412 1127 1498 sententiam,
1140 1433 1241 1504 quarn
1257 1410 1361 1479 modo

278 1519 517 1612 expressimus,
532 1517 644 1588 Celtas
655 1517 795 1611 Scythas
806 1541 886 1585 esse
899 1516 999 1586 Plura
1006 1516 1048 1585 de
1058 1541 1179 1612 genere
1187 1515 1361 1586 Celtarum

278 1622 344 1693 hoc
364 1623 439 1695 loco
460 1624 611 1721 proferre
625 1625 708 1693 mihi
724 1622 841 1692 inutile
854 1623 1005 1693 videtur·
997 1649 1131 1720 ,quum
1144 1626 1274 1712 omnia,
1287 1649 1362 1719 quae

278 1730 368 1799 ultra
384 1727 642 1820 dissereremus,
655 1733 781 1800 incerta
799 1746 924 1820 essent,
935 1745 971 1800 et
985 1733 1192 1802 contentioni
1204 1721 1361 1801 obnoxia.

279 1839 334 1906 De
363 1840 469 1908 veteri
497 1853 609 1908 autern
643 1837 820 1908 Gallorum
836 1785 1005 1927 bistbria,
1037 1863 1121 1933 quos
1147 1838 1260 1909 Celtas
1289 1863 1363 1908 esse

280 1946 513 2014 constituimus
533 1969 574 2014 ex
588 1944 869 2040 precedentibus,
888 1943 970 2013 nihil
988 1947 1194 2040 promptius,
1211 1944 1363 2042 nihilque

276 2051 324 2153 'ad
343 2075 415 2118 rem
432 2054 540 2146 aptius
561 2051 804 2146 subjiciendum
830 2051 994 2123 babemus
1006 2108 1016 2143 ,
1030 2078 1132 2148 quarn
1145 2052 1362 2127 tractatulum

256 2173 259 2180 '
281 2159 445 2227 concinne
472 2171 506 2226 et
530 2158 699 2254 eleganter
724 2159 931 2254 descriptum
952 2185 973 2228 a
994 2159 1150 2231 Gabriele
1171 2165 1310 2231 Brotier
1327 2163 1363 2230 ιιι

281 2265 349 2333 suis
370 2265 413 2332 ad
430 2267 584 2335 Tacitum
603 2267 705 2355 notis,
728 2280 751 2335 t.
774 2290 802 2356 1,
822 2294 854 2362 p.
881 2262 1186 2364 367,ed.in-12.
1209 2269 1365 2338 Sinamus

280 2370 384 2465 igitur
400 2396 476 2440 eum
492 2371 599 2468 loqui,
614 2375 686 2468 qui,
700 2398 779 2444 vere
794 2371 926 2462 Gallus,
938 2373 1114 2445 Gallorum
1124 2389 1277 2445 veterum
1292 2375 1363 2472 glo·

282 2479 366 2548 riam
383 2477 560 2549 luculentis
579 2481 690 2550 verbis
709 2479 898 2550 celebravit.
1009 2562 1010 2565 Ἴ

444 2661 490 2709 ΙΝ
517 2662 705 2738 VETERES
734 2662 979 2712 GALLORUM
1007 2664 1199 2712 Gnofflas.

341 2823 360 2860 ιι
381 2797 577 2868 Aretissinla
593 2813 665 2867 crat
678 2817 769 2868 anno
782 2800 875 2869 urbis
892 2800 1035 2870 conditae
1048 2825 1134 2889 exn,
1153 2818 1231 2873 ante
1248 2805 1364 2874 Chris-

284 2915 356 2970 tum
384 2902 478 2988 614,
509 2903 571 2972 sub
591 2907 774 3006 Tarquinio
797 2908 913 2976 Prisco
934 2933 1074 2978 romana
1091 2935 1164 2999 res,
1183 2935 1288 3005 quum
1302 2911 1367 2980 floss

284 3009 507 3076 rentissirnum
525 3010 597 3102 jam
618 3009 753 3106 vigebat
772 3013 948 3084 Gallorum
964 3038 1114 3110 regnum.
1139 3019 1307 3086 8ιιιιιιιιιι
1297 3043 1363 3086 un-

283 3115 368 3214 perii
382 3127 454 3182 tum
474 3116 537 3185 fuit
555 3138 657 3212 penes
673 3121 859 3221 Bituriges,
874 3122 906 3190 le
923 3126 1041 3216 berry.
1056 3125 1086 3191 li
1098 3149 1211 3219 regem
1225 3123 1364 3214 dabat,

283 3222 341 3314 qui
369 3219 512 3340 Geltico,
547 3249 605 3294 seu
633 3227 725 3294 omni
754 3217 888 3314 Galliae,
914 3230 1134 3323 imparitatem
1163 3255 1271 3326 eaque
1291 3247 1364 3302 erat

283 3330 378 3445 regni
401 3325 555 3418 felicitas,
569 3343 623 3418 ιιι,
637 3333 672 3400 ιιι
695 3345 785 3401 terra
806 3333 944 3456 frugum
962 3336 1204 3432 hominumque
1225 3337 1364 3408 fertilis-

285 3435 385 3522 sima,
407 3385 580 3506 abundatis
596 3385 831 3508 multitudo
798 3464 854 3508 vix
875 3443 946 3536 regi
967 3466 1065 3537 posse
1080 3444 1261 3514 videretur
1282 3446 1362 3515 Am·

283 3489 415 3634 bigatirs
438 3567 515 3628 rex,
541 3545 666 3614 virtute
687 3545 906 3642 fortunaque,
927 3563 999 3619 tum
1028 3573 1105 3638 sua,
1128 3564 1202 3621 turn
1228 3549 1362 3646 publica

284 3647 502 3743 praepollens,
521 3664 555 3719 ct
576 3674 700 3746 magno
715 3652 785 3747 jam
807 3669 908 3744 natu,
931 3680 1111 3726 exonerare
1131 3672 1363 3753 praegravante

284 3755 386 3823 turba
408 3779 549 3851 regnum
574 3761 686 3853 cupiit.
707 3760 917 3833 Bellovesum
939 3785 978 3833 ao
1000 3765 1217 3859 Sigovesum,
1239 3766 1362 3835 sororis

284 3859 386 3948 filios,
409 3864 576 3958 'impigros
603 3866 760 3959 juvenes,
786 3871 940 3957 monuit,
962 3885 1000 3939 ut
1028 3872 1227 3940 sortirentur
1257 3889 1362 3941 novas

285 3979 391 4038 terras
405 4024 414 4058 ,
428 3993 511 4065 quas
520 3989 723 4065 quaererent3
735 3978 961 4071 permisitque,
973 3994 1136 4073 quantum
1150 3981 1212 4075 ipsr
1205 3978 1364 4066 vellent,
1470 4053 1475 4061 ,

285 4097 463 4145 numerum
493 4077 668 4149 hominum
696 4084 894 4171 eXCll'e5118
922 4107 988 4180 qua
1015 4109 1096 4181 gens
1119 4109 1234 4157 arcere
1256 4086 1362 4155 adve-¹

285 4182 415 4253 trientes
438 4199 559 4280 posset
589 4189 702 4258 Sortes
723 4135 882 4284 Sigorieso
904 4177 1089 4287 Hercynios
1107 4193 1226 4285 saltus,
1249 4191 1365 4264 Bello²

287 4307 365 4360 reso
383 4289 515 4388 Italiam
537 4283 762 4390 adsignarent.
779 4327 800 4364 »
