3000 5034
498 478 869 549 orssrararro.
1152 472 1224 567 aot

149 623 287 707 gnatum
307 602 543 699 1v‚n0n(ut
561 611 635 682 vult
655 627 773 682 auctor
793 611 938 707 alioquin
959 612 1226 683 accuratissimus

149 720 184 785 iu
205 718 345 786 historia
369 741 508 786 romana
539 713 722 812 Sigonius)
742 744 853 806 annu,
875 744 942 813 quo
964 718 1111 789 Africam
1134 744 1226 789 rece·

150 826 218 920 pit,
233 824 292 893 sed
305 848 373 918 quo
390 822 478 893 bello
495 824 583 893 civili
597 828 631 894 in
646 828 805 921 Hispania
821 826 922 895 finem
940 827 1243 920 imposuit,Varr.-

78 943 81 955 '
152 930 278 1001 scilicet
301 954 387 1027 709.
412 932 465 1000 Sic
487 932 576 999 enim
598 956 711 1002 coaeva
736 956 905 1001 marmora
929 930 1109 1028 capitolina
1130 946 1229 1027 atque

153 1036 328 1109 colotiana.
336 1039 391 1107 Sic
405 1040 505 1107 etiam
512 1040 616 1107 coaevi
629 1040 767 1108 nuinmi.
780 1042 854 1109 Imo
866 1052 995 1127 auctor,
1004 1062 1103 1134 quem
1116 1062 1231 1133 seque·

154 1143 275 1235 batur,
295 1143 514 1215 Plutarchus:
537 1143 655 1214 melius
676 1144 818 1233 scilicet,
836 1170 936 1240 quam
959 1145 1032 1233 alii,
1054 1147 1154 1215 etiam
1174 1168 1231 1213 ve·

155 1265 264 1340 teres,
285 1276 348 1323 uec
369 1251 494 1322 abhoc
509 1251 630 1325 saeculo
651 1252 832 1322 admodum
855 1254 995 1341 remoti,
1016 1254 1073 1347 qiri
1090 1252 1233 1323 dictatu·

157 1382 230 1427 ram
252 1360 393 1429 Caesaris
413 1361 540 1428 unitate
562 1357 689 1433 faciunt
709 1362 902 1429 auctiorem.
922 1360 1139 1427 ffirtiietiam
1158 1382 1234 1451 per·

159 1488 277 1534 sonam
293 1467 422 1558 arguit,
440 1465 531 1559 quod
548 1465 704 1539 hoctoto
725 1464 814 1537 bello
835 1467 1007 1560 hispanico
1024 1467 1071 1534 sic
1089 1463 1236 1557 loquitur

160 1586 297 1660 auctor,
310 1573 404 1665 quasi
417 1574 488 1668 ipse
499 1596 648 1667 praesens
660 1572 824 1660 adfuerit,
839 1587 873 1640 et
886 1573 1025 1642 Caesaris
1040 1585 1151 1665 partes
1164 1568 1238 1637 fue·

161 1681 203 1747 rit
215 1676 396 1773 amplexus.
414 1681 525 1748 Prima
541 1679 610 1748 sere
621 1703 765 1775 persona
777 1703 841 1748 nos
853 1680 975 1773 inquit,
985 1692 1020 1746 et
1031 1677 1238 1747 Caesarianos

162 1801 300 1857 noscam
320 1783 473 1880 appellat.
497 1788 572 1858 Hoc
593 1810 715 1881 nempe
736 1800 829 1874 erat,
851 1785 941 1880 quod
962 1787 996 1852 in
1019 1781 1096 1851 belli
1118 1780 1240 1851 Gallici

162 1891 238 1961 libri
259 1894 345 1963 VIII
375 1891 517 1992 prologo
538 1879 608 1988 ipsc
629 1907 806 1962 monuerat
831 1894 979 1979 Hirtius,
1003 1890 1064 1959 sibi
1090 1914 1133 1957 ne
1157 1886 1240 1957 illud

164 1999 297 2093 quidem
326 1999 511 2088 accidisse,
535 2015 575 2068 ut
597 1998 820 2070 Alexandrino
848 2014 947 2092 atque
969 1996 1127 2066 Africano
1153 1993 1241 2091 bello

163 2107 356 2175 interesset:
375 2108 516 2175 innuens
535 2107 694 2201 proinde,
710 2109 745 2174 in
767 2105 900 2200 reliquis
918 2104 1012 2177 bellis
1029 2104 1090 2171 sibi
1109 2124 1242 2198 quoque

163 2234 303 2312 ‘operam
318 2211 419 2281 luisse
431 2237 499 2281 non
510 2212 669 2305 inutilem.
684 2214 763 2280 Non
777 2214 823 2281 ita
838 2226 927 2281 certe
945 2212 980 2278 in
994 2208 1082 2278 bello
1100 2206 1242 2277 Alexan·

167 2319 265 2392 drino
291 2317 464 2413 loquitur,
486 2332 543 2386 aut
567 2318 735 2393 Africano.
762 2320 937 2411 Nusquam
961 2316 1007 2383 ibi
1028 2317 1162 2409 prima,
1185 2312 1244 2383 sed

168 2428 266 2495 tertia
280 2449 443 2521 persona,
464 2425 609 2495 absentis
626 2426 785 2500 nimirum
805 2425 916 2517 potius
938 2420 1165 2516 quamillius,
1187 2419 1244 2515 qui

171 2532 270 2601 rebus
287 2524 357 2627 ipse
372 2531 524 2627 gerendis
539 2529 727 2606 interfuerit
739 2572 754 2619 ,<
764 2530 988 2608 narrationem
1006 2526 1155 2597 instituit.
1171 2527 1245 2594 Nee

159 2655 161 2662 '
170 2654 255 2735 puto
267 2639 546 2733 hocpraevidisse·
557 2636 850 2734 interpolatorem,
864 2638 899 2708 in
916 2634 1049 2729 reliquis
1067 2632 1150 2701 adeo
1170 2655 1245 2727 per·

172 2772 263 2823 toute
277 2798 288 2835 ‚
300 2769 401 2842 quam
422 2746 600 2834 sustinuit,
618 2747 791 2817 incautum
812 2758 911 2839 atque
931 2740 1138 2812 obliviosum.
