3000 5034
289 480 367 572 494
676 475 746 544 DE
774 473 982 544 GALLlA
1067 460 1072 464 ’

283 612 333 687 ‚Et
343 622 402 678 sat
423 632 487 696 xv,
501 631 532 676 v.
555 629 611 696 111,
625 605 683 676 ubi
701 605 775 676 fuse
788 621 911 678 tractat
927 605 970 676 de
983 605 1124 676 miseriis
1137 605 1366 677 eruditorum:

350 779 446 842 Gallia
459 779 624 840 causidicos
639 777 743 838 docuit
757 779 885 838 facunda
900 778 1068 838 Britannos.

341 957 396 1024 Ita
416 951 591 1025 Gallonrm
612 927 768 1021 naturam
790 966 825 1020 et
851 953 1022 1046 ingenium
1040 965 1298 1045 repraesentant,
1314 955 1375 1047 qui

289 1061 441 1157 proxime
465 1060 508 1129 ad
537 1083 595 1129 eos
624 1071 847 1130 accesserunt
875 1059 921 1127 At
950 1057 1046 1126 multi
1069 1057 1126 1126 alii
1146 1056 1201 1126 vel
1222 1059 1374 1148 inscitia,

289 1167 343 1238 vel
362 1192 477 1238 amore
490 1191 581 1237 caeco
594 1167 728 1263 patrias,
739 1165 882 1259 ideoque
897 1163 1002 1236 Gallis
1014 1165 1128 1234 hostes
1144 1165 1375 1254 infensissimi,

288 1290 324 1344 et
341 1299 462 1371 parum
484 1299 521 1343 re
540 1297 722 1368 perpensa,
737 1271 806 1342 soil.
825 1271 943 1342 Florus
958 1277 1224 1342 ammannnmos
1240 1286 1275 1341 et
1291 1272 1374 1342 bar·

290 1381 410 1469 buron,
432 1382 553 1450 Cicero
561 1381 725 1470 feroces,
747 1383 875 1450 Seneca
894 1393 1022 1466 mices,
1046 1381 1206 1448 Lucanus
1226 1387 1374 1475 sangin-

289 1510 374 1557 neos
384 1501 525 1576 vocant3
546 1489 681 1557 Servius
691 1490 859 1584 pigrioris
875 1491 1017 1581 tingensi,
1034 1487 1197 1554 Firminus
1207 1487 1372 1576 stolidos,

287 1594 441 1664 Julianus
454 1594 612 1691 stupidos
622 1610 659 1663 et
671 1598 876 1663 rusticitatis
884 1608 1062 1679 amantes,
1079 1594 1195 1662 livius
1208 1607 1244 1662 et
1255 1592 1373 1688 Polyb.

290 1703 410 1771 molles
432 1716 466 1770 et
490 1702 734 1794 effeminatos,
758 1699 850 1769 Mela
873 1699 1040 1796 superbos
1062 1714 1098 1768 et
1117 1705 1374 1796 superstitibsos

288 1807 436 1878 tradunt.
456 1810 562 1877 Porro
579 1807 741 1903 intelliget
757 1806 878 1894 lector,
892 1806 1052 1902 quidquid
1069 1806 1113 1875 de
1129 1809 1194 1876 ista
1210 1809 1372 1877 crimina-

291 1917 420 1984 tionum
436 1914 603 2010 farragine
618 1916 660 1984 sit
675 1913 891 1983 recidendum
911 1928 969 1982 aut
982 1913 1201 1982 retinendum.
1217 1913 1294 1983 Scil.
1309 1939 1373 2010 pro

290 2019 477 2090 mobilitate
491 2022 615 2115 ingenii
632 2035 667 2090 et
679 2035 800 2090 natura
815 2019 858 2088 ad
872 2019 1086 2093 irascendum
1099 2023 1372 2116 promptissima,

290 2126 458 2196 interdum
483 2141 619 2215 truces,
649 2126 800 2215 feroces,
829 2129 991 2197 Romanis
1020 2127 1240 2222 scriptoribus
1266 2128 1376 2198 videri

289 2247 491 2328 potuerunt3
508 2259 572 2329 pro
587 2234 798 2329 simplicitate
819 2259 879 2304 sua
898 2232 1015 2318 rudes3
1030 2259 1094 2330 pro
1107 2234 1256 2303 candore
1272 2236 1376 2304 animi

291 2339 387 2410 bardi
401 2355 435 2413 et
453 2339 583 2429 stolidi,
608 2343 733 2437 quippe
751 2339 876 2427 callidi,
896 2341 977 2435 quin
995 2355 1029 2410 et
1044 2341 1173 2436 perfidi
1188 2341 1373 2424 admodum

278 2445 389 2516 ¹erant
417 2449 577 2534 Romani;
599 2474 661 2543 pro
682 2473 797 2517 amore
815 2447 977 2524 libertatis
1007 2447 1158 2543 superbi3
1178 2465 1241 2543 pro
1258 2449 1372 2518 studio
1422 2462 1425 2472 '

293 2556 329 2624 in
356 2554 595 2648 agriculturam
617 2557 749 2640 rustici;
773 2579 837 2653 pro
860 2577 923 2624 sua
943 2556 980 2622 in
1003 2555 1096 2625 deos·
1109 2557 1249 2650 pietate,
1271 2571 1372 2651 atque

165 2725 171 2742 x
289 2662 327 2730 in
347 2661 493 2730 Druidas
512 2664 729 2730 ueneratione
750 2676 785 2731 et
809 2662 1026 2756 obsequmitia
1048 2664 1291 2756 superstitiosi,
1307 2678 1371 2734 etc.

291 2788 354 2837 nec
375 2766 443 2836 ulla
460 2767 612 2864 profecto
629 2793 713 2864 gens
731 2782 795 2855 est,
812 2783 937 2863 quam,
955 2771 983 2838 si
999 2769 1250 2863 quibusdamin
1268 2772 1372 2840 raris-

292 2875 383 2943 simis
401 2873 632 2944 occasionibus
645 2877 847 2969 inspexeris,
861 2899 931 2944 nou
945 2872 1235 2970 possisnmoem,
1251 2876 1372 2946 barba·

289 3003 380 3068 ram,
392 2980 561 3068 stolidam,
573 2983 835 3075 superstitiosam
851 2981 1028 3078 appellare.
1043 2984 1160 3072 Quum
1172 2984 1277 3078 igitur
1288 2987 1370 3053 Cas·

170 3113 172 3119 ·
291 3109 347 3156 sar
363 3101 398 3154 et
414 3087 535 3156 Strabo
551 3113 661 3158 mores
678 3088 853 3171 Gallorum
870 3089 1110 3185 depinxenmt,
1122 3090 1167 3159 de
1179 3089 1278 3167 solito
1292 3093 1371 3160 rita

292 3219 392 3263 eursu
417 3192 520 3264 locuti
542 3195 633 3284 s'unt,
650 3221 719 3264 non
737 3195 780 3264 de
804 3197 935 3267 casibus
953 3210 1050 3265 extra
1068 3185 1221 3266 ordinem
1242 3199 1368 3292 positis.

286 3302 462 3370 'Ceterum
476 3303 598 3372 veteris
612 3304 752 3397 vestigia
767 3303 964 3392 ferocitatis,
976 3304 1067 3399 apud
1081 3303 1198 3374 Gallos
1214 3323 1373 3399 porman-

289 3408 371 3477 sisse
386 3433 456 3477 non
467 3409 658 3498 abnuerim,
673 3409 778 3478 veluti
791 3435 921 3479 morem
934 3412 1206 3506 capita-hostium
1221 3412 1370 3481 cruribus

288 3529 455 3609 'equorum
471 3535 626 3605 suorum,
640 3515 786 3586 velante
800 3517 890 3587 fores
904 3517 1082 3587 domorum
1091 3513 1324 3614 appendendi,
1335 3532 1370 3587 et
1411 3521 1414 3527 ’

290 3621 355 3691 alia
369 3621 507 3692 similia:
524 3638 685 3718 praeterea
697 3626 886 3720 Critognati
898 3627 1024 3713 oratio,
1040 3624 1060 3693 l.
1072 3647 1140 3713 vn,
1150 3649 1179 3694 o.
1192 3648 1256 3722 77,
1271 3627 1366 3694 B.³G.

290 3743 325 3798 et
336 3729 497 3800 sacrificia
512 3729 658 3800 humana
668 3785 678 3820 ,
687 3745 721 3800 et
737 3731 790 3801 lex
804 3733 866 3801 ista
878 3756 947 3827 qua
962 3721 1191 3821 sanciebatur,
1209 3747 1251 3800 nt
1267 3734 1297 3800 is
1310 3755 1368 3802 oc·

289 3835 467 3920 rideretur,
481 3839 538 3932 qui
555 3836 692 3907 ultimus
705 3841 740 3906 in
755 3838 934 3910 concilium
940 3841 1083 3927 veniret,
1094 3837 1248 3933 aliqutun'
1257 3837 1368 3909 tuna·

288 3957 356 4012 tem
376 3945 508 4012 insitam
527 3946 604 4014 satis
627 3960 742 4040 aperte
764 3945 924 4040 detegunt
949 3971 957 4014 t
980 3946 1015 4014 id
1032 3970 1167 4046 quoque
1187 3969 1367 4030 commune

288 4049 414 4119 habent
432 4076 510 4121 cum
527 4050 696 4142 barbaris,
711 4067 750 4122 ut
767 4068 899 4148 gestent
907 4075 1028 4125 aureos
1044 4053 1136 4124 cirea
1150 4051 1276 4125 collum
1292 4067 1365 4121 tor-

287 4181 386 4250 ques,
400 4171 435 4228 et
449 4160 575 4230 circum
592 4159 729 4232 brachia
742 4184 783 4232 ae
799 4183 917 4231 manus
934 4158 1135 4247 brachialia,
1150 4172 1251 4254 atque
1263 4158 1365 4230 duces

661 4330 681 4370 N
