3000 5034
290 505 367 597 490
647 457 744 568 ¹oa
773 499 978 568 eanum

287 638 421 706 Coeunt
446 633 603 703 Lutarius
618 645 666 702 ¹et
692 633 901 720 Leonorius,
931 629 1054 701 ansilla
1080 631 1259 702 Nicomedi
1288 633 1372 704 dant

270 742 449 812 adversus
467 741 644 835 Zyboeam,
664 741 721 834 qui
739 754 870 834 partem
885 739 1048 834 Bithyniae
1068 739 1230 809 tenebat:
1252 765 1369 810 eorum

230 892 241 898 ,
289 850 434 920 maxime
459 871 562 942 opera
591 846 742 916 devictus
764 847 979 942 Zyboeaest,
997 846 1219 942 Bithyniaque
1241 848 1373 935 omnis,

289 959 327 1026 la
341 961 462 1051 partie
483 954 697 1024 occtdentale
715 953 761 1024 de
777 957 925 1039 Bursia,
942 954 978 1022 in
997 952 1159 1023 ditionem
1179 953 1372 1024 Nicomedis

167 1129 170 1135 .
292 1064 467 1132 concessit.
487 1062 687 1150 Pausanias,
704 1062 769 1130 loc.
788 1066 843 1130 cit.
863 1059 978 1154 Polyb.
997 1058 1072 1134 libr.
1094 1062 1162 1148 IV,
1174 1084 1264 1157 pag.
1284 1058 1371 1147 436.

292 1171 427 1256 Livius,
446 1170 656 1255 XXXVIII,
680 1165 735 1238 16.
757 1196 775 1232 s

351 1306 369 1341 «
387 1277 541 1346 Victores
554 1273 700 1362 Galli,>et
710 1274 753 1343 de
763 1273 949 1344 Nicomede
962 1273 1088 1368 optime
1096 1275 1218 1360 meriti,
1233 1273 1375 1368 profecti

292 1407 333 1452 ex
354 1383 509 1476 Bithynia
529 1382 565 1450 in
584 1382 698 1451 Asiam
721 1394 966 1476 processerunt.
986 1381 1060 1452 Nec
1081 1379 1174 1475 plus,
1196 1403 1239 1450 ex
1255 1381 1375 1474 viginti

293 1488 439 1560 millibus
460 1489 766 1583 hominum,quam
787 1487 904 1557 decem
925 1485 1029 1557 millia
1051 1501 1180 1556 armata
1196 1502 1311 1576 erant3
1332 1503 1377 1556 ta·
1464 1499 1484 1527 ¹

296 1621 374 1666 men
390 1610 521 1666 tantum
544 1597 680 1666 terroris
700 1594 875 1684 omnibus,
896 1618 969 1689 quae
989 1595 1037 1664 cis
1055 1597 1206 1664 Taurum
1226 1608 1376 1664 montem
1396 1586 1398 1596 ’

298 1701 470 1791 incolunt,
489 1702 643 1796 gentibus
661 1691 867 1796 injecerunt,
886 1715 926 1770 ut
942 1723 1025 1795 quas
1043 1700 1209 1788 adissent,
1229 1725 1377 1796 quasque

296 1835 366 1880 non
392 1809 554 1898 adissent,
577 1807 920 1905 pariterque-ultimae
942 1809 1138 1903 propinquis
1159 1809 1302 1903 imperio
1319 1832 1376 1903 pa·

296 1931 418 1986 rerent.
438 1919 539 1986 Nova
560 1941 678 1985 eorum
693 1915 892 2009 dominatio,
910 1914 953 1984 de
966 1939 1084 1985 eorum
1097 1916 1250 2004 nomine,
1263 1914 1377 1986 Gallo-

297 2024 437 2118 graecia,
462 2021 652 2111 Galatiave,
674 2036 870 2116 nuncupata
891 2037 959 2109 est,
980 2021 1245 2116 vectIgalemque
1266 2023 1378 2092 Asiam

296 2132 343 2198 ita
363 2131 450 2198 inter
465 2153 500 2198 se
519 2128 678 2216 divisere,
695 2142 734 2197 ut
752 2128 905 2198 Trocmis
923 2127 1132 2224 Hellesponti
1148 2153 1209 2198 ora
1227 2127 1306 2198 data
1322 2130 1379 2217 sit3

296 2233 492 2305 Tolistoboii
507 2233 638 2304 AEolida
649 2249 750 2330 atque
761 2237 909 2324 Ioniam,
923 2238 1124 2332 Tectosages
1137 2235 1380 2306 mediterranea

296 2342 382 2412 Asiae
408 2343 515 2412 sortiti
536 2344 622 2431 sint,
648 2357 682 2412 et
708 2342 910 2438 stipendium
935 2355 1008 2412 tota
1032 2345 1081 2413 cis
1106 2346 1256 2413 Taurum
1282 2343 1381 2431 Asia,

298 2451 336 2520 la
356 2451 530 2537 *Natolth
562 2451 741 2544 exigerent.
774 2447 895 2519 Sedem
924 2463 1037 2520 autem
1062 2450 1127 2545 ipsi
1154 2451 1245 2520 circa
1270 2447 1381 2544 Halyn

299 2557 440 2640 flumen,
456 2559 719 2643 Kisc'l'Ermcclt,
740 2570 918 2650 ceperunt;
936 2571 1116 2652 tantusque
1135 2571 1246 2627 terror
1263 2581 1381 2626 eoraun

300 2665 445 2733 nominis
467 2677 554 2752 erat,
575 2663 789 2732 multitudine
809 2665 909 2755 etiam
928 2687 1050 2758 magna
1068 2663 1184 2734 sobole
1208 2677 1324 2752 aucta,
1344 2677 1383 2732 ut

300 2770 401 2864 Syriae
423 2795 557 2866 quoque
580 2769 623 2839 ad
645 2785 854 2865 postremum
877 2793 972 2864 reges
993 2770 1193 2866 stipendium
1213 2770 1295 2840 dare
1314 2795 1383 2839 non

301 2878 496 2946 abnuerent
527 2880 637 2946 Immo
665 2879 711 2947 ita
731 2902 834 2971 penes
857 2876 974 2948 Gallos
995 2878 1059 2947 fuit
1078 2879 1114 2947 in
1144 2877 1286 2947 Oriente
1306 2875 1385 2946 belli

302 2984 461 3077 pacisque
476 2984 667 3071 arbitrium,
685 2999 742 3070 ut,
755 3009 860 3077 quum
882 3010 999 3054 eorum
1017 2984 1178 3078 juventus
1193 3009 1297 3078 quam
1314 3007 1385 3052 ma·

302 3090 400 3158 ximae
422 3089 634 3160 fecunditatis
652 3091 769 3160 Asiam
789 3116 943 3180 omnem,
966 3090 1060 3161 velut
1078 3093 1232 3163 examine
1253 3089 1386 3186 aliquo,

303 3195 488 3291 implesset,
503 3221 612 3292 neque
625 3221 722 3292 reges
734 3199 898 3286 Orientis,
913 3213 997 3268 teste
1011 3199 1162 3288 Iustino,
1174 3200 1245 3267 sine
1257 3221 1386 3266 mercae

305 3306 401 3374 nario
422 3303 597 3374 Gallorum
614 3306 763 3374 exercitu
780 3304 849 3375 ulla
866 3303 953 3376 bella
972 3307 1150 3400 gesserint3
1171 3327 1282 3399 neque
1300 3302 1388 3399 pulsi
1408 3378 1411 3384 ,

305 3435 427 3504 regno,
449 3411 493 3480 ad
512 3410 594 3482 alios
616 3436 717 3506 quam
739 3411 784 3481 ad
805 3411 920 3482 Gallos
944 3413 1166 3507 confugerint.
1187 3414 1288 3506 Isque
1316 3423 1389 3481 erat

305 3531 417 3587 terror
438 3517 549 3612 gallici
573 3520 737 3608 nominis,
757 3532 793 3588 et
814 3543 985 3589 armorum
1011 3520 1137 3589 invicta
1162 3517 1324 3604 felicitas,
1340 3525 1390 3586 'ut

309 3623 405 3694 aliter
425 3649 535 3720 neque
556 3626 764 3720 majestatem
784 3651 879 3696 suam
896 3641 1023 3715 tutam,
1042 3650 1152 3721 neque
1170 3626 1327 3696 amissam
1340 3647 1390 3692 re·

308 3738 472 3825 superare
484 3757 519 3802 se
535 3757 631 3828 posse
641 3734 711 3802 sine
725 3731 845 3828 gallica
854 3733 978 3804 virtute
991 3734 1242 3804 arbitrarentur.
1255 3732 1391 3819 Livius,

308 3839 373 3908 loc.
392 3844 448 3908 cit.
470 3839 638 3927 Iustinus,
656 3842 778 3924 XXV,
796 3866 830 3910 a.
846 3872 865 3908 n

358 3960 385 3997 a
406 3947 501 4035 Quot
515 3948 714 4042 quantisque
731 3962 847 4042 postea
863 3948 899 4018 in
915 3948 1011 4037 Asia,
1024 3949 1060 4018 in
1074 3950 1229 4043 Europa,
1239 3945 1391 4015 victoriis

310 4064 411 4146 atque
434 4051 584 4125 cladibus
610 4055 757 4125 exercita
778 4054 880 4125 fuerit
898 4057 1006 4126 virtus
1025 4053 1160 4151 gallica,
1180 4078 1264 4149 quas
1284 4075 1392 4122 novas

310 4171 416 4234 terras
434 4163 618 4258 quesierit,
635 4162 806 4258 quomodo
829 4188 907 4235 cum
929 4163 1078 4250 Hiberis,
1099 4164 1137 4234 la
1152 4166 1275 4259 partae
1299 4159 1392 4232 occi·
