3000 5034
252 498 325 568 ns
352 497 529 566 nanno
557 497 810 566 cituco.
839 498 935 566 ms.
963 497 1073 567 vllt.
1138 495 1215 584 sss
1253 455 1277 580 J

135 655 204 702 non
225 628 366 726 amplius
384 630 558 700 hominum
572 631 605 700 V
621 614 786 700 millibus⁵
800 655 842 699 ex
858 629 940 726 iuga
956 630 1121 718 collectis,
1134 634 1216 702 Pro-

133 738 279 808 vinciam
313 753 449 832 petere,
474 761 606 831 unaque
638 735 813 806 consilium
843 761 921 807 cum
950 763 992 808 eo
1021 741 1215 809 Lucterium

134 844 328 915 Cadurcum
345 846 494 938 cepisse,
514 836 643 938 (quem
666 846 837 939 superiore
854 847 1096 915 commentario
1104 831 1129 933 ⁶,
1147 847 1215 939 pri·

134 975 190 1021 ma
208 949 395 1021 defectione
414 949 547 1039 Gallias,
563 949 673 1022 facere
690 953 724 1020 in
744 952 956 1021 Provinciam
973 953 1136 1049 impetum
1154 978 1215 1023 vo·

134 1056 256 1146 luisse,
276 1060 448 1152 cognitum
474 1051 575 1147 est;)
596 1059 757 1128 Ganinius
778 1056 906 1152 legatus
924 1081 1001 1128 cum
1030 1057 1215 1154 legionibus

134 1167 169 1234 II
187 1165 230 1234 ad
248 1189 306 1234 eos
325 1163 571 1258 persequendos
589 1163 834 1252 contendit,ne
847 1164 890 1234 de
904 1166 1024 1234 timore
1039 1180 1099 1234 aut
1112 1165 1215 1235 detri-

133 1271 271 1340 mento⁷
289 1273 471 1340 Provincia
492 1295 614 1366 magna
635 1270 791 1358 infasuia,
812 1269 1019 1367 perditorum
1040 1272 1216 1342 hominum

67 1373 71 1382 ’
134 1375 335 1464 latrociniis,
355 1393 540 1472 caperetur.

187 1487 316 1553 XXXI.
345 1487 384 1554 G.
410 1485 531 1554 Fabius
557 1508 634 1554 cunr
660 1482 789 1578 reliquo
807 1485 955 1554 exercitu
984 1485 1020 1551 in
1047 1486 1214 1554 Carnutes

133 1605 326 1685 ceterasque
342 1591 564 1686 proficiscitur
581 1592 748 1678 civitates,
762 1611 905 1684 quarum
920 1615 962 1660 eo
976 1588 1110 1686 praelio,
1122 1590 1215 1684 quod

133 1719 212 1766 cum
235 1700 413 1769 Dumnaco
435 1699 580 1786 lecerat,
599 1700 712 1793 copias
729 1723 801 1766 esse
819 1696 960 1768 accisas¹
978 1698 1112 1768 sciebat.
1135 1698 1214 1768 Non

132 1806 222 1874 enim
234 1804 422 1893 dubitabat,
431 1807 512 1898 quin
525 1806 650 1876 recenti
661 1803 848 1874 calamitate
860 1805 1090 1880 submissiores
1103 1817 1215 1874 essent

133 1908 280 1998 futuru,
301 1911 380 1982 dato
409 1936 491 1982 vero
522 1914 629 2007 spatio
658 1936 697 1981 ao
718 1926 893 2006 tempore,
920 1911 1039 1980 eodem
1069 1912 1214 1982 instante

134 2016 344 2106 Dumnaco²,
362 2034 499 2113 possent
519 2020 688 2090 concitari.
713 2021 791 2109 Qua
811 2020 845 2087 in
868 2042 905 2086 re
923 2043 1055 2088 summa
1076 2016 1215 2089 felicitas

134 2121 351 2218 celeritasque
365 2128 399 2192 in
414 2125 609 2220 recipiendis
627 2126 815 2195 civitatibus
831 2124 971 2194 Fabium
990 2127 1213 2220 consequitur.

133 2231 222 2301 Nam
243 2233 498 2326 Carnutes,qui
516 2233 730 2327 saepevexati
745 2255 918 2326 nunquam
936 2215 1047 2326 pacis⁸
1066 2231 1216 2302 fecerant

178 2415 203 2468 5.
224 2417 251 2467 V
271 2415 391 2469 Mittitm.
406 2417 486 2468 Hunc
508 2433 653 2468 numerum
695 2415 750 2468 sius
769 2431 802 2467 et
822 2415 876 2469 suis
894 2413 974 2468 codd
988 2416 1120 2481 restituit,
1135 2430 1163 2470 et
1177 2417 1212 2470 iis

134 2495 284 2548 restituis:
297 2497 406 2568 optimis
419 2509 478 2549 tum
492 2493 653 2548 Oudendor-
696 2497 838 2548 assentitur
846 2507 937 2548 noster
945 2496 977 2547 tt.
995 2495 1081 2564 5763.
1095 2496 1214 2550 Arcadem

135 2574 237 2646 pinnis,
247 2588 305 2629 tnru
314 2577 411 2629 nostris
420 2574 499 2629 codd.
507 2575 604 2647 quibus
614 2595 654 2629 as·
696 2586 735 2628 est
742 2579 893 2636 imminuere,
897 2576 1015 2645 fraegere
1021 2612 1029 2637 ,
1037 2587 1065 2628 et
1071 2589 1143 2629 certe
1149 2577 1213 2629 Hir-

135 2655 289 2710 sentiuntur
310 2655 440 2710 editiones
455 2676 489 2708 xv
503 2669 531 2708 et
545 2674 591 2708 xvr
603 2671 651 2708 tn·
695 2655 748 2708 tius
762 2653 867 2708 subdit:
880 2675 929 2707 roa
940 2658 1004 2706 sirim
1019 2654 1214 2728 ddiubatpusts

136 2735 198 2790 tuli.
205 2736 259 2788 Alii
270 2748 298 2789 et
310 2738 418 2808 Vulgat.
429 2737 491 2789 bab.
500 2737 531 2788 11
538 2735 650 2789 millibus.
696 2740 785 2786 ncenti
798 2736 936 2788 cabtmitsts
956 2735 1117 2788 submissiom
1137 2747 1216 2790 essem

177 2819 205 2869 6.
230 2816 308 2885 Quem
329 2821 449 2889 siparium
474 2820 651 2870 commentario.
690 2817 795 2883 ssturoe.
811 2813 877 2881 sed,
891 2815 971 2868 accidi
985 2819 1081 2886 copias,
1108 2835 1143 2869 an
1158 2815 1213 2870 dici
1309 2813 1315 2822 ⁸

136 2894 246 2964 Οριὶτιιο
260 2896 382 2950 Davisius
398 2897 462 2952 Cur.
476 2897 532 2950 Sec.
546 2913 652 2968 priapo·
695 2896 780 2967 possit
787 2895 928 2966 quaritur?
935 2896 1134 2968 Certeap.Stat.
1143 2896 1214 2950 Tbe-

135 2975 262 3029 sitionem
280 2982 306 3028 is
320 2978 363 3030 vel
378 2998 391 3027 e
406 2977 498 3048 rejecit
515 2977 585 3030 male
600 2977 653 3030 boc
696 2975 769 3029 baid
787 2991 844 3042 111,
863 2975 916 3030 ὅδε

134 3055 195 3108 loco
209 3057 348 3110 intrusam.
364 3057 446 3109 Abest
460 3056 547 3127 reipss
560 3075 575 3108 a
588 3075 651 3110 nos·
758 3055 850 3100 mens
860 3055 944 3102 mim
954 3055 1043 3102 *istm
1052 3056 1144 3118 geum,

135 3136 183 3188 tris
195 3134 275 3190 codd.
695 3135 744 3188 ubi
754 3136 880 3188 Bartbius
893 3135 1017 3190 emendat
1026 3142 1214 3200 cecum-etso-

176 3215 287 3286 7.Neds
296 3220 378 3268 timore
387 3228 431 3268 aut
438 3216 650 3286 detrbcmtol’m·
697 3215 789 3278 erden,
801 3235 847 3269 seu
858 3217 966 3268 werden
978 3221 1060 3287 copias
1068 3216 1160 3271 videre
1173 3230 1213 3272 est

137 3299 227 3349 vincia.
238 3297 279 3350 Ne
289 3315 416 3367 magnum
427 3293 542 3348 dedecus
555 3294 653 3348 redun·
696 3293 768 3366 apud
775 3296 945 3360 Frontinum,
954 3309 981 3350 et
990 3297 1079 3350 forsan
1088 3317 1130 3369 ap.
1138 3298 1212 3356 Flos.

136 3374 211 3428 daret
221 3389 370 3429 exmetuet
381 3375 481 3429 darum
491 3374 653 3446 provincias,
695 3373 805 3446 ubique.
822 3375 875 3428 atii
889 3376 1099 3438 babentocoisas,
1111 3397 1128 3430 e
1140 3379 1212 3449 glos·

135 3456 342 3527 grassationibus
361 3457 549 3509 sceleratorum
564 3456 652 3508 homi·
696 3473 738 3519 ss,
751 3456 794 3507 vel
810 3460 914 3518 accitas,
931 3456 1021 3509 minus
1042 3457 1128 3523 henes
1150 3458 1211 3523 alii,

136 3555 211 3588 uum.
228 3537 336 3608 Vulgat.
352 3536 412 3590 lect.
428 3536 544 3601 restitui,
558 3536 607 3588 etsi
617 3536 650 3589 al·
695 3533 742 3588 scd
756 3536 870 3607 pessime
884 3548 913 3589 et
926 3536 983 3590 sine
1002 3555 1096 3603 oensn,
1117 3549 1210 3594 mutas.

136 3614 481 3682 coddisreomnesbabent,
490 3617 651 3670 sedecimas·
738 3617 1027 3669 simeonem.
1039 3616 1106 3674 cort
1120 3631 1212 3684 noster·

137 3696 649 3763 uratrtmorraslstmmausdeosmso,
697 3694 772 3765 5763
790 3708 818 3748 et
840 3695 885 3749 alii
899 3696 1045 3769 permulti,
1061 3701 1214 3768 assignate,

136 3776 236 3850 absque
252 3777 454 3849 praepositiones
467 3790 494 3830 at
506 3779 651 3832 necessaria
694 3774 770 3846 quod
782 3776 894 3830 Vossius
915 3777 1055 3848 probabat.
1071 3777 1150 3830 Parvi
1162 3768 1212 3836 uda¹

136 3869 176 3909 est
188 3857 338 3922 sententiat,
354 3870 381 3910 et
396 3877 454 3910 earn
475 3870 581 3912 servam
595 3859 651 3910 An·
694 3855 1211 3929 nsodnmrslertAElegantiortameuvox

136 3934 260 3990 dinensss
268 3950 295 3990 et
305 3935 470 3992 oxonienses
480 3939 648 3999 membranas,
695 3941 807 3990 abstante.
816 3937 875 3991 Etsi
887 3941 1018 4008 impurus
1029 3956 1085 3997 nou
1098 3939 1226 4010 glossam.

136 4034 166 4068 ss
177 4016 208 4068 ds
217 4017 409 4070 datrimsocas
422 4015 511 4069 timon.
523 4019 558 4070 At
570 4020 650 4088 paulo
694 4035 743 4070 uec
759 4018 1025 4089 interpretamentum
1044 4016 1163 4086 redolet,
1179 4033 1211 4076 ut

136 4092 232 4150 durior
245 4109 285 4149 sat
294 4098 325 4149 de
336 4098 430 4150 deuios.
445 4109 472 4149 et
481 4097 546 4151 levis
557 4096 650 4150 admo·
694 4097 753 4151 vult
764 4098 868 4151 Morus

135 4169 202 4230 dum
217 4179 331 4230 mutatio
343 4177 465 4231 lectionis
479 4189 584 4230 nostre.
736 4177 763 4230 3.
776 4176 908 4239 Camertes,
921 4180 965 4251 qui
977 4194 1041 4249 steps
1050 4182 1137 4232 cerari
1148 4199 1211 4239 aas,

177 4257 651 4318 Car.XXX1.r.Acciscs.BsneVos·
694 4276 766 4336 quam
775 4261 858 4330 pasis,
879 4269 925 4311 ste.
946 4259 1059 4317 Fallitur
1080 4259 1211 4330 nerins
