<?xml version="1.0" encoding="UTF-8"?>
<!DOCTYPE html PUBLIC "-//W3C//DTD XHTML 1.0 Transitional//EN"
    "http://www.w3.org/TR/xhtml1/DTD/xhtml1-transitional.dtd">
<html xmlns="http://www.w3.org/1999/xhtml" xml:lang="en" lang="en">
 <head>
  <title>
</title>
<meta http-equiv="Content-Type" content="text/html;charset=utf-8" />
  <meta name='ocr-system' content='tesseract 3.04.00' />
  <meta name='ocr-capabilities' content='ocr_page ocr_carea ocr_par ocr_line ocrx_word'/>
</head>
<body>
  <div class='ocr_page' id='page_1' title='image "./caiusjuliuscsar00caesgoog_0477.png"; bbox 0 0 3000 5034; ppageno 0'>
   <div class='ocr_carea' id='block_1_1' title="bbox 275 453 1204 547">
    <p class='ocr_par' dir='ltr' id='par_1_1' title="bbox 275 453 1204 547">
     <span class='ocr_line' id='line_1_1' title="bbox 275 453 1204 547; baseline -0.009 -16"><span class='ocrx_word' id='word_1_1' title='bbox 275 453 352 547; x_wconf 71' lang='grc'>436</span> <span class='ocrx_word' id='word_1_2' title='bbox 409 459 459 527; x_wconf 92' lang='lat' dir='ltr'>·C.</span> <span class='ocrx_word' id='word_1_3' title='bbox 488 456 631 525; x_wconf 83' lang='lat' dir='ltr'><strong>JULII</strong></span> <span class='ocrx_word' id='word_1_4' title='bbox 661 454 897 523; x_wconf 79' lang='lat' dir='ltr'><strong>GAESARIS</strong></span> <span class='ocrx_word' id='word_1_5' title='bbox 926 454 1204 526; x_wconf 88' lang='lat' dir='ltr'><strong>COMMENT.</strong></span> 
     </span>
    </p>
   </div>
   <div class='ocr_carea' id='block_1_2' title="bbox 243 586 1350 1964">
    <p class='ocr_par' dir='ltr' id='par_1_2' title="bbox 257 586 1350 1113">
     <span class='ocr_line' id='line_1_2' title="bbox 271 586 1350 689; baseline -0.004 -26"><span class='ocrx_word' id='word_1_6' title='bbox 271 619 372 689; x_wconf 90' lang='lat' dir='ltr'>quam</span> <span class='ocrx_word' id='word_1_7' title='bbox 393 588 587 685; x_wconf 80' lang='lat' dir='ltr'>diffitgiendi</span> <span class='ocrx_word' id='word_1_8' title='bbox 606 588 666 657; x_wconf 88' lang='lat' dir='ltr'>fuit</span> <span class='ocrx_word' id='word_1_9' title='bbox 681 602 900 682; x_wconf 88' lang='lat' dir='ltr'>utrorumque</span> <span class='ocrx_word' id='word_1_10' title='bbox 918 586 1116 657; x_wconf 89' lang='lat' dir='ltr'>consilium:</span> <span class='ocrx_word' id='word_1_11' title='bbox 1137 603 1350 679; x_wconf 85' lang='lat' dir='ltr'>nostrorum,</span> 
     </span>
     <span class='ocr_line' id='line_1_3' title="bbox 257 693 1349 794; baseline -0.001 -28"><span class='ocrx_word' id='word_1_12' title='bbox 257 700 362 794; x_wconf 42' lang='lat' dir='ltr'>equod</span> <span class='ocrx_word' id='word_1_13' title='bbox 387 697 561 767; x_wconf 86' lang='lat' dir='ltr'>mortifero</span> <span class='ocrx_word' id='word_1_14' title='bbox 585 694 724 763; x_wconf 87' lang='lat' dir='ltr'>vulnere</span> <span class='ocrx_word' id='word_1_15' title='bbox 746 696 937 763; x_wconf 90' lang='lat' dir='ltr'>Commium</span> <span class='ocrx_word' id='word_1_16' title='bbox 965 693 1146 764; x_wconf 88' lang='lat' dir='ltr'>credebant</span> <span class='ocrx_word' id='word_1_17' title='bbox 1171 694 1349 785; x_wconf 77' lang='lat' dir='ltr'>affectum3</span> 
     </span>
     <span class='ocr_line' id='line_1_4' title="bbox 270 800 1348 898; baseline -0.001 -22"><span class='ocrx_word' id='word_1_18' title='bbox 270 805 461 887; x_wconf 83' lang='lat' dir='ltr'>Gallorum,</span> <span class='ocrx_word' id='word_1_19' title='bbox 476 802 582 898; x_wconf 91' lang='lat' dir='ltr'>quod,</span> <span class='ocrx_word' id='word_1_20' title='bbox 596 801 720 870; x_wconf 86' lang='lat' dir='ltr'>insidiis</span> <span class='ocrx_word' id='word_1_21' title='bbox 738 802 898 895; x_wconf 83' lang='lat' dir='ltr'>cognitis,</span> <span class='ocrx_word' id='word_1_22' title='bbox 914 800 1027 896; x_wconf 86' lang='lat' dir='ltr'>plura,</span> <span class='ocrx_word' id='word_1_23' title='bbox 1042 802 1348 895; x_wconf 36' lang='lat' dir='ltr'>quamvvidebantl,</span> 
     </span>
     <span class='ocr_line' id='line_1_5' title="bbox 257 906 1348 999; baseline -0.004 -17"><span class='ocrx_word' id='word_1_24' title='bbox 257 910 537 982; x_wconf 51' lang='lat' dir='ltr'>&#39;extimescebam</span> <span class='ocrx_word' id='word_1_25' title='bbox 565 910 644 997; x_wconf 92' lang='lat' dir='ltr'>Quo</span> <span class='ocrx_word' id='word_1_26' title='bbox 666 906 756 975; x_wconf 88' lang='lat' dir='ltr'>facto</span> <span class='ocrx_word' id='word_1_27' title='bbox 784 909 935 976; x_wconf 84' lang='lat' dir='ltr'>statuisse</span> <span class='ocrx_word' id='word_1_28' title='bbox 961 909 1136 977; x_wconf 91' lang='lat' dir='ltr'>Commius</span> <span class='ocrx_word' id='word_1_29' title='bbox 1158 908 1348 999; x_wconf 75' lang='lat' dir='ltr'>dicebatur,</span> 
     </span>
     <span class='ocr_line' id='line_1_6' title="bbox 257 1012 1294 1113; baseline -0.005 -25"><span class='ocrx_word' id='word_1_30' title='bbox 257 1039 441 1113; x_wconf 72' lang='lat' dir='ltr'>vnunquam</span> <span class='ocrx_word' id='word_1_31' title='bbox 463 1018 498 1084; x_wconf 90' lang='lat' dir='ltr'>in</span> <span class='ocrx_word' id='word_1_32' title='bbox 521 1012 779 1109; x_wconf 87' lang='lat' dir='ltr'>conspectum¹⁰-</span> <span class='ocrx_word' id='word_1_33' title='bbox 792 1013 987 1107; x_wconf 86' lang='lat' dir='ltr'>cujusquam</span> <span class='ocrx_word' id='word_1_34' title='bbox 1006 1014 1151 1083; x_wconf 84' lang='lat' dir='ltr'>Romani</span> <span class='ocrx_word' id='word_1_35' title='bbox 1170 1017 1294 1084; x_wconf 87' lang='lat' dir='ltr'>venire.</span> 
     </span>
    </p>

    <p class='ocr_par' dir='ltr' id='par_1_3' title="bbox 257 1120 1348 1859">
     <span class='ocr_line' id='line_1_7' title="bbox 281 1120 1346 1216; baseline -0.004 -21"><span class='ocrx_word' id='word_1_36' title='bbox 281 1202 286 1213; x_wconf 37' lang='grc' dir='ltr'><em>Ι</em></span> <span class='ocrx_word' id='word_1_37' title='bbox 323 1126 452 1196; x_wconf 86' lang='lat' dir='ltr'>XXIV.</span> <span class='ocrx_word' id='word_1_38' title='bbox 472 1120 729 1191; x_wconf 85' lang='lat' dir='ltr'>Bellicosissimis</span> <span class='ocrx_word' id='word_1_39' title='bbox 751 1120 904 1213; x_wconf 83' lang='lat' dir='ltr'>gentibus</span> <span class='ocrx_word' id='word_1_40' title='bbox 927 1120 1085 1207; x_wconf 87' lang='lat' dir='ltr'>devictis,</span> <span class='ocrx_word' id='word_1_41' title='bbox 1105 1122 1227 1209; x_wconf 81' lang='lat' dir='ltr'>Caesar,</span> <span class='ocrx_word' id='word_1_42' title='bbox 1243 1147 1346 1216; x_wconf 90' lang='lat' dir='ltr'>quum</span> 
     </span>
     <span class='ocr_line' id='line_1_8' title="bbox 269 1226 1347 1322; baseline -0.003 -22"><span class='ocrx_word' id='word_1_43' title='bbox 269 1232 418 1320; x_wconf 82' lang='lat' dir='ltr'>videret,</span> <span class='ocrx_word' id='word_1_44' title='bbox 431 1227 556 1297; x_wconf 88' lang='lat' dir='ltr'>nullam</span> <span class='ocrx_word' id='word_1_45' title='bbox 565 1228 636 1320; x_wconf 86' lang='lat' dir='ltr'>jam</span> <span class='ocrx_word' id='word_1_46' title='bbox 654 1250 726 1296; x_wconf 90' lang='lat' dir='ltr'>esse</span> <span class='ocrx_word' id='word_1_47' title='bbox 744 1228 932 1315; x_wconf 87' lang='lat' dir='ltr'>civitatem,</span> <span class='ocrx_word' id='word_1_48' title='bbox 946 1249 1019 1321; x_wconf 83' lang='lat' dir='ltr'>quae</span> <span class='ocrx_word' id='word_1_49' title='bbox 1042 1226 1166 1295; x_wconf 89' lang='lat' dir='ltr'>bellum</span> <span class='ocrx_word' id='word_1_50' title='bbox 1183 1228 1347 1322; x_wconf 87' lang='lat' dir='ltr'>pararet¹,</span> 
     </span>
     <span class='ocr_line' id='line_1_9' title="bbox 257 1332 1348 1433; baseline 0.003 -32"><span class='ocrx_word' id='word_1_51' title='bbox 257 1360 345 1433; x_wconf 62' lang='lat' dir='ltr'>‚quo</span> <span class='ocrx_word' id='word_1_52' title='bbox 358 1337 420 1406; x_wconf 91' lang='lat' dir='ltr'>sibi</span> <span class='ocrx_word' id='word_1_53' title='bbox 441 1337 627 1421; x_wconf 80' lang='lat' dir='ltr'>resisteret3</span> <span class='ocrx_word' id='word_1_54' title='bbox 645 1332 702 1402; x_wconf 89' lang='lat' dir='ltr'>sed</span> <span class='ocrx_word' id='word_1_55' title='bbox 728 1332 906 1402; x_wconf 89' lang='lat' dir='ltr'>nonnullos</span> <span class='ocrx_word' id='word_1_56' title='bbox 933 1359 974 1402; x_wconf 86' lang='lat' dir='ltr'>ex</span> <span class='ocrx_word' id='word_1_57' title='bbox 995 1333 1125 1428; x_wconf 91' lang='lat' dir='ltr'>oppidis</span> <span class='ocrx_word' id='word_1_58' title='bbox 1146 1334 1348 1430; x_wconf 81' lang='lat' dir='ltr'>demigrare,</span> 
     </span>
     <span class='ocr_line' id='line_1_10' title="bbox 268 1438 1347 1541; baseline 0 -28"><span class='ocrx_word' id='word_1_59' title='bbox 268 1459 310 1513; x_wconf 80' lang='lat' dir='ltr'>ex</span> <span class='ocrx_word' id='word_1_60' title='bbox 323 1446 411 1541; x_wconf 79' lang='lat' dir='ltr'>agris</span> <span class='ocrx_word' id='word_1_61' title='bbox 424 1442 587 1536; x_wconf 84' lang='lat' dir='ltr'>diffugere</span> <span class='ocrx_word' id='word_1_62' title='bbox 595 1438 619 1528; x_wconf 78' lang='lat'>²,</span> <span class='ocrx_word' id='word_1_63' title='bbox 630 1438 673 1507; x_wconf 86' lang='lat' dir='ltr'>ad</span> <span class='ocrx_word' id='word_1_64' title='bbox 690 1464 834 1533; x_wconf 85' lang='lat' dir='ltr'>praesens</span> <span class='ocrx_word' id='word_1_65' title='bbox 849 1442 1025 1534; x_wconf 88' lang='lat' dir='ltr'>imperium</span> <span class='ocrx_word' id='word_1_66' title='bbox 1044 1441 1235 1525; x_wconf 86' lang='lat' dir='ltr'>evitandum</span> <span class='ocrx_word' id='word_1_67' title='bbox 1250 1467 1258 1509; x_wconf 77' lang='grc' dir='ltr'><strong><em>ε</em></strong></span> <span class='ocrx_word' id='word_1_68' title='bbox 1274 1442 1347 1537; x_wconf 84' lang='lat' dir='ltr'>plu·</span> 
     </span>
     <span class='ocr_line' id='line_1_11' title="bbox 268 1546 1348 1646; baseline -0.002 -27"><span class='ocrx_word' id='word_1_69' title='bbox 268 1576 323 1621; x_wconf 87' lang='lat' dir='ltr'>res</span> <span class='ocrx_word' id='word_1_70' title='bbox 336 1554 371 1619; x_wconf 92' lang='lat' dir='ltr'>in</span> <span class='ocrx_word' id='word_1_71' title='bbox 384 1564 495 1646; x_wconf 84' lang='lat' dir='ltr'>partes</span> <span class='ocrx_word' id='word_1_72' title='bbox 513 1548 696 1616; x_wconf 81' lang='lat' dir='ltr'>exercitum</span> <span class='ocrx_word' id='word_1_73' title='bbox 715 1546 880 1615; x_wconf 86' lang='lat' dir='ltr'>dimittere</span> <span class='ocrx_word' id='word_1_74' title='bbox 898 1548 1078 1616; x_wconf 88' lang='lat' dir='ltr'>constituit.</span> <span class='ocrx_word' id='word_1_75' title='bbox 1097 1549 1144 1616; x_wconf 94' lang='grc' dir='ltr'>Μ.</span> <span class='ocrx_word' id='word_1_76' title='bbox 1165 1548 1348 1617; x_wconf 83' lang='lat' dir='ltr'>Antonium</span> 
     </span>
     <span class='ocr_line' id='line_1_12' title="bbox 269 1637 1348 1751; baseline 0 -26"><span class='ocrx_word' id='word_1_77' title='bbox 269 1672 467 1751; x_wconf 71' lang='lat' dir='ltr'>quaestorem</span> <span class='ocrx_word' id='word_1_78' title='bbox 493 1678 571 1723; x_wconf 89' lang='lat' dir='ltr'>cum</span> <span class='ocrx_word' id='word_1_79' title='bbox 600 1652 729 1747; x_wconf 80' lang='lat' dir='ltr'>legione</span> <span class='ocrx_word' id='word_1_80' title='bbox 755 1637 824 1721; x_wconf 78' lang='lat' dir='ltr'>XI3</span> <span class='ocrx_word' id='word_1_81' title='bbox 848 1653 910 1721; x_wconf 92' lang='lat' dir='ltr'>sibi</span> <span class='ocrx_word' id='word_1_82' title='bbox 931 1654 1124 1748; x_wconf 80' lang='lat' dir='ltr'>conjungit:</span> <span class='ocrx_word' id='word_1_83' title='bbox 1147 1656 1185 1723; x_wconf 90' lang='lat' dir='ltr'>C.</span> <span class='ocrx_word' id='word_1_84' title='bbox 1208 1654 1348 1725; x_wconf 86' lang='lat' dir='ltr'>Fabium</span> 
     </span>
     <span class='ocr_line' id='line_1_13' title="bbox 270 1750 1348 1859; baseline 0 -28"><span class='ocrx_word' id='word_1_85' title='bbox 270 1763 417 1859; x_wconf 83' lang='lat' dir='ltr'>legatum</span> <span class='ocrx_word' id='word_1_86' title='bbox 437 1786 516 1833; x_wconf 89' lang='lat' dir='ltr'>cum</span> <span class='ocrx_word' id='word_1_87' title='bbox 543 1759 737 1831; x_wconf 89' lang='lat' dir='ltr'>cohortibus</span> <span class='ocrx_word' id='word_1_88' title='bbox 764 1761 866 1829; x_wconf 89' lang='lat' dir='ltr'>XXV</span> <span class='ocrx_word' id='word_1_89' title='bbox 891 1761 993 1829; x_wconf 86' lang='lat' dir='ltr'>mittit</span> <span class='ocrx_word' id='word_1_90' title='bbox 1007 1762 1048 1828; x_wconf 85' lang='lat' dir='ltr'>¹in</span> <span class='ocrx_word' id='word_1_91' title='bbox 1070 1750 1348 1831; x_wconf 80' lang='lat' dir='ltr'>diversissimam⁴</span> 
     </span>
    </p>

    <p class='ocr_par' dir='ltr' id='par_1_4' title="bbox 243 1864 1346 1964">
     <span class='ocr_line' id='line_1_14' title="bbox 243 1864 1346 1964; baseline 0 -25"><span class='ocrx_word' id='word_1_92' title='bbox 243 1956 249 1960; x_wconf 15' lang='grc' dir='ltr'><strong>ῃ</strong></span> <span class='ocrx_word' id='word_1_93' title='bbox 271 1869 387 1939; x_wconf 84' lang='lat' dir='ltr'>Galliae</span> <span class='ocrx_word' id='word_1_94' title='bbox 408 1882 538 1964; x_wconf 87' lang='lat' dir='ltr'>partem</span> <span class='ocrx_word' id='word_1_95' title='bbox 551 1892 561 1954; x_wconf 93' lang='lat'>;</span> <span class='ocrx_word' id='word_1_96' title='bbox 576 1864 667 1959; x_wconf 91' lang='lat' dir='ltr'>quod</span> <span class='ocrx_word' id='word_1_97' title='bbox 684 1865 730 1932; x_wconf 93' lang='lat' dir='ltr'>ibi</span> <span class='ocrx_word' id='word_1_98' title='bbox 749 1864 911 1959; x_wconf 87' lang='lat' dir='ltr'>quasdam</span> <span class='ocrx_word' id='word_1_99' title='bbox 932 1867 1089 1937; x_wconf 88' lang='lat' dir='ltr'>civitates</span> <span class='ocrx_word' id='word_1_100' title='bbox 1101 1868 1256 1939; x_wconf 77' lang='lat' dir='ltr'>inarmis</span> <span class='ocrx_word' id='word_1_101' title='bbox 1276 1894 1346 1939; x_wconf 87' lang='lat' dir='ltr'>esse</span> 
     </span>
    </p>
   </div>
   <div class='ocr_carea' id='block_1_3' title="bbox 0 295 2 798">
    <p class='ocr_par' dir='ltr' id='par_1_5' title="bbox 0 295 2 798">
     <span class='ocr_line' id='line_1_15' title="bbox 0 295 2 798; baseline 0 0"><span class='ocrx_word' id='word_1_102' title='bbox 0 295 2 798; x_wconf 95' lang='lat' dir='ltr'> </span> 
     </span>
    </p>
   </div>
   <div class='ocr_carea' id='block_1_4' title="bbox 265 2052 1346 4288">
    <p class='ocr_par' dir='ltr' id='par_1_6' title="bbox 265 2052 1346 4288">
     <span class='ocr_line' id='line_1_16' title="bbox 267 2052 1346 2132; baseline 0 -19"><span class='ocrx_word' id='word_1_103' title='bbox 267 2057 730 2132; x_wconf 53' lang='lat' dir='ltr'>‘5764‚districti,minusbene:nam</span> <span class='ocrx_word' id='word_1_104' title='bbox 738 2052 789 2107; x_wconf 83' lang='lat' dir='ltr'>dil&#39;·</span> <span class='ocrx_word' id='word_1_105' title='bbox 831 2076 908 2123; x_wconf 88' lang='lat' dir='ltr'>nem,</span> <span class='ocrx_word' id='word_1_106' title='bbox 925 2078 976 2130; x_wconf 91' lang='lat' dir='ltr'>pro</span> <span class='ocrx_word' id='word_1_107' title='bbox 990 2059 1047 2130; x_wconf 79' lang='lat' dir='ltr'>lege</span> <span class='ocrx_word' id='word_1_108' title='bbox 1063 2058 1173 2112; x_wconf 81' lang='lat' dir='ltr'>Manilia</span> <span class='ocrx_word' id='word_1_109' title='bbox 1189 2054 1204 2121; x_wconf 79' lang='lat' dir='ltr'>S</span> <span class='ocrx_word' id='word_1_110' title='bbox 1222 2062 1257 2115; x_wconf 82' lang='lat'>3⁵</span> <span class='ocrx_word' id='word_1_111' title='bbox 1270 2099 1279 2127; x_wconf 91' lang='lat'>,</span> <span class='ocrx_word' id='word_1_112' title='bbox 1292 2074 1346 2113; x_wconf 83' lang='lat' dir='ltr'>tan·</span> 
     </span>
     <span class='ocr_line' id='line_1_17' title="bbox 270 2133 1346 2212; baseline 0.001 -19"><span class='ocrx_word' id='word_1_113' title='bbox 270 2141 361 2193; x_wconf 79' lang='lat' dir='ltr'>ferunt</span> <span class='ocrx_word' id='word_1_114' title='bbox 373 2140 532 2208; x_wconf 79' lang='lat' dir='ltr'>destringere,</span> <span class='ocrx_word' id='word_1_115' title='bbox 549 2138 678 2207; x_wconf 85' lang='lat' dir='ltr'>stringere</span> <span class='ocrx_word' id='word_1_116' title='bbox 696 2133 746 2201; x_wconf 88' lang='lat' dir='ltr'>de,</span> <span class='ocrx_word' id='word_1_117' title='bbox 761 2147 789 2188; x_wconf 87' lang='lat' dir='ltr'>et</span> <span class='ocrx_word' id='word_1_118' title='bbox 833 2138 989 2201; x_wconf 76' lang='lat' dir='ltr'>tumbellam,</span> <span class='ocrx_word' id='word_1_119' title='bbox 999 2151 1048 2190; x_wconf 83' lang='lat' dir='ltr'>tam</span> <span class='ocrx_word' id='word_1_120' title='bbox 1055 2139 1208 2206; x_wconf 76' lang='lat' dir='ltr'>diuturnum,</span> <span class='ocrx_word' id='word_1_121' title='bbox 1218 2153 1268 2193; x_wconf 85' lang='lat' dir='ltr'>tam</span> <span class='ocrx_word' id='word_1_122' title='bbox 1276 2142 1346 2212; x_wconf 71' lang='lat' dir='ltr'>longe</span> 
     </span>
     <span class='ocr_line' id='line_1_18' title="bbox 265 2214 1346 2293; baseline 0.003 -22"><span class='ocrx_word' id='word_1_123' title='bbox 265 2220 427 2289; x_wconf 70' lang='lat' dir='ltr'>distringere,</span> <span class='ocrx_word' id='word_1_124' title='bbox 441 2218 568 2288; x_wconf 80' lang='lat' dir='ltr'>stringere</span> <span class='ocrx_word' id='word_1_125' title='bbox 583 2214 718 2270; x_wconf 79' lang='lat' dir='ltr'>diversim.</span> <span class='ocrx_word' id='word_1_126' title='bbox 817 2262 820 2272; x_wconf 79' lang='grc'>,</span> <span class='ocrx_word' id='word_1_127' title='bbox 832 2218 925 2289; x_wconf 83' lang='lat' dir='ltr'>lateque</span> <span class='ocrx_word' id='word_1_128' title='bbox 935 2218 1102 2290; x_wconf 75' lang='lat' dir='ltr'>dispersum...</span> <span class='ocrx_word' id='word_1_129' title='bbox 1112 2219 1158 2273; x_wconf 86' lang='lat' dir='ltr'>Cn.</span> <span class='ocrx_word' id='word_1_130' title='bbox 1169 2221 1299 2293; x_wconf 69' lang='lat' dir='ltr'>Pompeiae</span> <span class='ocrx_word' id='word_1_131' title='bbox 1307 2244 1346 2274; x_wconf 74' lang='lat' dir='ltr'>ee·</span> 
     </span>
     <span class='ocr_line' id='line_1_19' title="bbox 314 2294 1344 2371; baseline 0.005 -21"><span class='ocrx_word' id='word_1_132' title='bbox 314 2320 340 2370; x_wconf 89' lang='lat'>9.</span> <span class='ocrx_word' id='word_1_133' title='bbox 356 2300 436 2370; x_wconf 81' lang='lat' dir='ltr'>Quam</span> <span class='ocrx_word' id='word_1_134' title='bbox 446 2298 569 2350; x_wconf 66' lang='lat' dir='ltr'>uidebant.</span> <span class='ocrx_word' id='word_1_135' title='bbox 575 2294 631 2347; x_wconf 84' lang='lat' dir='ltr'>MS.</span> <span class='ocrx_word' id='word_1_136' title='bbox 640 2296 672 2347; x_wconf 83' lang='lat' dir='ltr'>tt.</span> <span class='ocrx_word' id='word_1_137' title='bbox 683 2295 786 2365; x_wconf 83' lang='lat' dir='ltr'>Anglic.</span> <span class='ocrx_word' id='word_1_138' title='bbox 834 2310 908 2349; x_wconf 85' lang='lat' dir='ltr'>trema</span> <span class='ocrx_word' id='word_1_139' title='bbox 918 2299 991 2366; x_wconf 77' lang='lat' dir='ltr'>hiem</span> <span class='ocrx_word' id='word_1_140' title='bbox 1000 2304 1133 2371; x_wconf 82' lang='lat' dir='ltr'>apparavit.</span> <span class='ocrx_word' id='word_1_141' title='bbox 1142 2300 1204 2353; x_wconf 90' lang='lat' dir='ltr'>Non</span> <span class='ocrx_word' id='word_1_142' title='bbox 1213 2303 1282 2355; x_wconf 80' lang='lat' dir='ltr'>male</span> <span class='ocrx_word' id='word_1_143' title='bbox 1289 2321 1344 2355; x_wconf 91' lang='lat' dir='ltr'>cer·</span> 
     </span>
     <span class='ocr_line' id='line_1_20' title="bbox 272 2373 1159 2453; baseline 0 -22"><span class='ocrx_word' id='word_1_144' title='bbox 272 2399 343 2453; x_wconf 85' lang='lat' dir='ltr'>quam</span> <span class='ocrx_word' id='word_1_145' title='bbox 358 2378 481 2431; x_wconf 80' lang='lat' dir='ltr'>viderant.</span> <span class='ocrx_word' id='word_1_146' title='bbox 509 2375 605 2430; x_wconf 73' lang='lat' dir='ltr'>Ceteri</span> <span class='ocrx_word' id='word_1_147' title='bbox 628 2393 720 2427; x_wconf 90' lang='lat' dir='ltr'>omnes</span> <span class='ocrx_word' id='word_1_148' title='bbox 740 2394 788 2428; x_wconf 87' lang='lat' dir='ltr'>ne·</span> <span class='ocrx_word' id='word_1_149' title='bbox 833 2391 875 2443; x_wconf 81' lang='lat' dir='ltr'>te,</span> <span class='ocrx_word' id='word_1_150' title='bbox 890 2373 940 2431; x_wconf 86' lang='lat' dir='ltr'>sed</span> <span class='ocrx_word' id='word_1_151' title='bbox 953 2397 985 2431; x_wconf 88' lang='lat' dir='ltr'>ex</span> <span class='ocrx_word' id='word_1_152' title='bbox 999 2382 1159 2450; x_wconf 81' lang='lat' dir='ltr'>conjectura.</span> 
     </span>
     <span class='ocr_line' id='line_1_21' title="bbox 272 2455 1342 2532; baseline 0.004 -22"><span class='ocrx_word' id='word_1_153' title='bbox 272 2478 407 2532; x_wconf 79' lang='lat' dir='ltr'>quaquam</span> <span class='ocrx_word' id='word_1_154' title='bbox 421 2458 508 2531; x_wconf 91' lang='lat' dir='ltr'>plusq.</span> <span class='ocrx_word' id='word_1_155' title='bbox 525 2457 601 2528; x_wconf 70' lang='lat' dir='ltr'>perf.⁴</span> <span class='ocrx_word' id='word_1_156' title='bbox 609 2455 707 2508; x_wconf 81' lang='lat' dir='ltr'>favent.</span> <span class='ocrx_word' id='word_1_157' title='bbox 875 2478 900 2511; x_wconf 76' lang='lat' dir='ltr'>s.</span> <span class='ocrx_word' id='word_1_158' title='bbox 908 2459 1045 2529; x_wconf 72' lang='lat' dir='ltr'>Diffugere.</span> <span class='ocrx_word' id='word_1_159' title='bbox 1054 2459 1142 2531; x_wconf 81' lang='lat' dir='ltr'>Vulgo</span> <span class='ocrx_word' id='word_1_160' title='bbox 1149 2462 1264 2529; x_wconf 74' lang='lat' dir='ltr'>effugere.</span> <span class='ocrx_word' id='word_1_161' title='bbox 1273 2462 1342 2514; x_wconf 77' lang='lat' dir='ltr'>Pre-</span> 
     </span>
     <span class='ocr_line' id='line_1_22' title="bbox 317 2527 1345 2611; baseline 0.002 -18"><span class='ocrx_word' id='word_1_162' title='bbox 317 2559 363 2594; x_wconf 83' lang='lat' dir='ltr'>to·</span> <span class='ocrx_word' id='word_1_163' title='bbox 380 2540 411 2591; x_wconf 83' lang='lat' dir='ltr'>Irr</span> <span class='ocrx_word' id='word_1_164' title='bbox 423 2548 571 2608; x_wconf 75' lang='lat' dir='ltr'>compertum</span> <span class='ocrx_word' id='word_1_165' title='bbox 584 2537 723 2607; x_wconf 82' lang='lat' dir='ltr'>cujusquam</span> <span class='ocrx_word' id='word_1_166' title='bbox 736 2527 788 2586; x_wconf 80' lang='lat' dir='ltr'>Ro·</span> <span class='ocrx_word' id='word_1_167' title='bbox 830 2550 883 2591; x_wconf 85' lang='lat' dir='ltr'>stat</span> <span class='ocrx_word' id='word_1_168' title='bbox 895 2550 984 2591; x_wconf 84' lang='lat' dir='ltr'>nostra</span> <span class='ocrx_word' id='word_1_169' title='bbox 995 2538 1090 2604; x_wconf 84' lang='lat' dir='ltr'>lectio,</span> <span class='ocrx_word' id='word_1_170' title='bbox 1099 2557 1158 2609; x_wconf 79' lang='lat' dir='ltr'>quae</span> <span class='ocrx_word' id='word_1_171' title='bbox 1166 2541 1292 2611; x_wconf 79' lang='lat' dir='ltr'>graphice</span> <span class='ocrx_word' id='word_1_172' title='bbox 1303 2560 1345 2595; x_wconf 86' lang='lat' dir='ltr'>ex·</span> 
     </span>
     <span class='ocr_line' id='line_1_23' title="bbox 267 2611 1344 2689; baseline 0.004 -18"><span class='ocrx_word' id='word_1_173' title='bbox 267 2624 338 2671; x_wconf 79' lang='lat' dir='ltr'>marri</span> <span class='ocrx_word' id='word_1_174' title='bbox 348 2622 438 2670; x_wconf 77' lang='lat' dir='ltr'>venire.</span> <span class='ocrx_word' id='word_1_175' title='bbox 455 2618 489 2669; x_wconf 89' lang='lat' dir='ltr'>Et</span> <span class='ocrx_word' id='word_1_176' title='bbox 504 2614 652 2688; x_wconf 87' lang='lat' dir='ltr'>prudenter</span> <span class='ocrx_word' id='word_1_177' title='bbox 668 2611 786 2684; x_wconf 89' lang='lat' dir='ltr'>quidem.</span> <span class='ocrx_word' id='word_1_178' title='bbox 832 2618 925 2689; x_wconf 90' lang='lat' dir='ltr'>primit</span> <span class='ocrx_word' id='word_1_179' title='bbox 937 2630 1066 2671; x_wconf 89' lang='lat' dir='ltr'>terrorem</span> <span class='ocrx_word' id='word_1_180' title='bbox 1082 2618 1233 2673; x_wconf 86' lang='lat' dir='ltr'>incolarum</span> <span class='ocrx_word' id='word_1_181' title='bbox 1243 2621 1306 2675; x_wconf 83' lang='lat' dir='ltr'>hinc</span> <span class='ocrx_word' id='word_1_182' title='bbox 1318 2634 1344 2677; x_wconf 85' lang='lat' dir='ltr'>et</span> 
     </span>
     <span class='ocr_line' id='line_1_24' title="bbox 271 2692 1078 2770; baseline -0.002 -17"><span class='ocrx_word' id='word_1_183' title='bbox 271 2701 404 2754; x_wconf 68' lang='lat' dir='ltr'>Ceterum</span> <span class='ocrx_word' id='word_1_184' title='bbox 417 2700 488 2770; x_wconf 85' lang='lat' dir='ltr'>juste</span> <span class='ocrx_word' id='word_1_185' title='bbox 506 2714 535 2747; x_wconf 89' lang='lat' dir='ltr'>ac</span> <span class='ocrx_word' id='word_1_186' title='bbox 549 2695 646 2747; x_wconf 90' lang='lat' dir='ltr'>merito</span> <span class='ocrx_word' id='word_1_187' title='bbox 662 2692 788 2746; x_wconf 81' lang='lat' dir='ltr'>adversus</span> <span class='ocrx_word' id='word_1_188' title='bbox 833 2696 897 2750; x_wconf 89' lang='lat' dir='ltr'>inde</span> <span class='ocrx_word' id='word_1_189' title='bbox 911 2697 1078 2769; x_wconf 79' lang='lat' dir='ltr'>fugientium.</span> 
     </span>
     <span class='ocr_line' id='line_1_25' title="bbox 271 2772 1342 2851; baseline 0.003 -20"><span class='ocrx_word' id='word_1_190' title='bbox 271 2777 413 2851; x_wconf 83' lang='lat' dir='ltr'>perfidiam</span> <span class='ocrx_word' id='word_1_191' title='bbox 442 2778 625 2828; x_wconf 84' lang='lat' dir='ltr'>Romanorum</span> <span class='ocrx_word' id='word_1_192' title='bbox 652 2772 789 2825; x_wconf 83' lang='lat' dir='ltr'>invehitur</span> <span class='ocrx_word' id='word_1_193' title='bbox 855 2776 1342 2849; x_wconf 77' lang='lat' dir='ltr'>·3.CumlegioneXI.Nonnullioodd.,</span> 
     </span>
     <span class='ocr_line' id='line_1_26' title="bbox 269 2852 1340 2929; baseline 0.004 -19"><span class='ocrx_word' id='word_1_194' title='bbox 269 2860 371 2928; x_wconf 72' lang='lat' dir='ltr'>‘Turpia</span> <span class='ocrx_word' id='word_1_195' title='bbox 379 2857 414 2909; x_wconf 80' lang='lat' dir='ltr'>&#39;de</span> <span class='ocrx_word' id='word_1_196' title='bbox 426 2855 523 2920; x_wconf 70' lang='lat' dir='ltr'>Crisse,</span> <span class='ocrx_word' id='word_1_197' title='bbox 532 2867 551 2907; x_wconf 89' lang='lat' dir='ltr'>t.</span> <span class='ocrx_word' id='word_1_198' title='bbox 565 2871 605 2918; x_wconf 87' lang='lat'>11,</span> <span class='ocrx_word' id='word_1_199' title='bbox 613 2871 641 2923; x_wconf 87' lang='lat' dir='ltr'>p.</span> <span class='ocrx_word' id='word_1_200' title='bbox 656 2853 718 2904; x_wconf 78' lang='lat'>205.</span> <span class='ocrx_word' id='word_1_201' title='bbox 729 2852 789 2904; x_wconf 84' lang='lat' dir='ltr'>Hoc</span> <span class='ocrx_word' id='word_1_202' title='bbox 831 2858 978 2929; x_wconf 71' lang='lat' dir='ltr'>presertim</span> <span class='ocrx_word' id='word_1_203' title='bbox 987 2860 1071 2911; x_wconf 87' lang='lat' dir='ltr'>nostri</span> <span class='ocrx_word' id='word_1_204' title='bbox 1083 2860 1183 2911; x_wconf 82' lang='lat' dir='ltr'>babent</span> <span class='ocrx_word' id='word_1_205' title='bbox 1195 2878 1243 2913; x_wconf 82' lang='lat' dir='ltr'>nr.</span> <span class='ocrx_word' id='word_1_206' title='bbox 1258 2862 1340 2914; x_wconf 79' lang='lat' dir='ltr'>Male:</span> 
     </span>
     <span class='ocr_line' id='line_1_27' title="bbox 273 2934 1342 3011; baseline 0.004 -21"><span class='ocrx_word' id='word_1_207' title='bbox 273 2938 374 2990; x_wconf 85' lang='lat' dir='ltr'>factum</span> <span class='ocrx_word' id='word_1_208' title='bbox 399 2935 510 2987; x_wconf 88' lang='lat' dir='ltr'>minime</span> <span class='ocrx_word' id='word_1_209' title='bbox 530 2952 670 2985; x_wconf 90' lang='lat' dir='ltr'>romanum</span> <span class='ocrx_word' id='word_1_210' title='bbox 692 2943 740 2984; x_wconf 90' lang='lat' dir='ltr'>est.</span> <span class='ocrx_word' id='word_1_211' title='bbox 754 2934 789 2985; x_wconf 81' lang='lat' dir='ltr'>At</span> <span class='ocrx_word' id='word_1_212' title='bbox 831 2937 1342 3011; x_wconf 81' lang='lat' dir='ltr'>nammoxdicitureamlegionemiuisse</span> 
     </span>
     <span class='ocr_line' id='line_1_28' title="bbox 271 3011 1342 3088; baseline 0.004 -19"><span class='ocrx_word' id='word_1_213' title='bbox 271 3036 329 3069; x_wconf 89' lang='lat' dir='ltr'>non</span> <span class='ocrx_word' id='word_1_214' title='bbox 340 3034 449 3088; x_wconf 90' lang='lat' dir='ltr'>possum</span> <span class='ocrx_word' id='word_1_215' title='bbox 461 3013 528 3085; x_wconf 89' lang='lat' dir='ltr'>quin</span> <span class='ocrx_word' id='word_1_216' title='bbox 542 3013 625 3065; x_wconf 86' lang='lat' dir='ltr'>mirer</span> <span class='ocrx_word' id='word_1_217' title='bbox 635 3011 789 3082; x_wconf 83' lang='lat' dir='ltr'>simplicita-</span> <span class='ocrx_word' id='word_1_218' title='bbox 831 3016 859 3068; x_wconf 90' lang='lat' dir='ltr'>in</span> <span class='ocrx_word' id='word_1_219' title='bbox 868 3017 987 3070; x_wconf 88' lang='lat' dir='ltr'>hibernis</span> <span class='ocrx_word' id='word_1_220' title='bbox 998 3036 1058 3070; x_wconf 89' lang='lat' dir='ltr'>cum</span> <span class='ocrx_word' id='word_1_221' title='bbox 1064 3020 1096 3071; x_wconf 89' lang='lat' dir='ltr'>T.</span> <span class='ocrx_word' id='word_1_222' title='bbox 1105 3020 1294 3085; x_wconf 85' lang='lat' dir='ltr'>Labien0,nec</span> <span class='ocrx_word' id='word_1_223' title='bbox 1302 3041 1342 3074; x_wconf 88' lang='lat' dir='ltr'>er-</span> 
     </span>
     <span class='ocr_line' id='line_1_29' title="bbox 272 3090 1342 3164; baseline 0.003 -14"><span class='ocrx_word' id='word_1_224' title='bbox 272 3109 328 3150; x_wconf 88' lang='lat' dir='ltr'>tem</span> <span class='ocrx_word' id='word_1_225' title='bbox 338 3094 455 3149; x_wconf 84' lang='lat' dir='ltr'>aelidem</span> <span class='ocrx_word' id='word_1_226' title='bbox 461 3093 558 3157; x_wconf 82' lang='lat' dir='ltr'>Hirtii,</span> <span class='ocrx_word' id='word_1_227' title='bbox 572 3093 619 3164; x_wconf 92' lang='lat' dir='ltr'>qui</span> <span class='ocrx_word' id='word_1_228' title='bbox 629 3090 701 3144; x_wconf 88' lang='lat' dir='ltr'>istud</span> <span class='ocrx_word' id='word_1_229' title='bbox 710 3091 788 3143; x_wconf 83' lang='lat' dir='ltr'>nobis</span> <span class='ocrx_word' id='word_1_230' title='bbox 831 3114 877 3148; x_wconf 89' lang='lat' dir='ltr'>ror</span> <span class='ocrx_word' id='word_1_231' title='bbox 893 3109 932 3149; x_wconf 87' lang='lat' dir='ltr'>est</span> <span class='ocrx_word' id='word_1_232' title='bbox 944 3098 1117 3163; x_wconf 83' lang='lat' dir='ltr'>innumeris3</span> <span class='ocrx_word' id='word_1_233' title='bbox 1130 3118 1194 3151; x_wconf 89' lang='lat' dir='ltr'>nam</span> <span class='ocrx_word' id='word_1_234' title='bbox 1207 3100 1236 3151; x_wconf 92' lang='lat' dir='ltr'>in</span> <span class='ocrx_word' id='word_1_235' title='bbox 1252 3100 1342 3154; x_wconf 84' lang='lat' dir='ltr'>codice</span> 
     </span>
     <span class='ocr_line' id='line_1_30' title="bbox 272 3170 1342 3251; baseline 0.007 -23"><span class='ocrx_word' id='word_1_236' title='bbox 272 3174 393 3240; x_wconf 79' lang='lat' dir='ltr'>tradidit3</span> <span class='ocrx_word' id='word_1_237' title='bbox 400 3173 547 3247; x_wconf 80' lang='lat' dir='ltr'>praesertim</span> <span class='ocrx_word' id='word_1_238' title='bbox 555 3192 638 3243; x_wconf 87' lang='lat' dir='ltr'>quum</span> <span class='ocrx_word' id='word_1_239' title='bbox 644 3170 717 3230; x_wconf 76' lang='lat' dir='ltr'>idem,</span> <span class='ocrx_word' id='word_1_240' title='bbox 724 3190 788 3223; x_wconf 88' lang='lat' dir='ltr'>con·</span> <span class='ocrx_word' id='word_1_241' title='bbox 831 3188 923 3229; x_wconf 88' lang='lat' dir='ltr'>nostro</span> <span class='ocrx_word' id='word_1_242' title='bbox 937 3177 1012 3249; x_wconf 82' lang='lat'><strong><em>5763</em></strong></span> <span class='ocrx_word' id='word_1_243' title='bbox 1022 3200 1035 3243; x_wconf 91' lang='lat'>‚·</span> <span class='ocrx_word' id='word_1_244' title='bbox 1044 3196 1171 3231; x_wconf 87' lang='lat' dir='ltr'>numerus</span> <span class='ocrx_word' id='word_1_245' title='bbox 1185 3182 1342 3251; x_wconf 82' lang='lat' dir='ltr'>exprimitur</span> 
     </span>
     <span class='ocr_line' id='line_1_31' title="bbox 272 3252 1342 3332; baseline 0.006 -24"><span class='ocrx_word' id='word_1_246' title='bbox 272 3268 400 3327; x_wconf 82' lang='lat' dir='ltr'>queretur</span> <span class='ocrx_word' id='word_1_247' title='bbox 416 3254 519 3318; x_wconf 76' lang='lat' dir='ltr'>Caesar,</span> <span class='ocrx_word' id='word_1_248' title='bbox 540 3265 567 3305; x_wconf 92' lang='lat' dir='ltr'>et</span> <span class='ocrx_word' id='word_1_249' title='bbox 581 3252 730 3304; x_wconf 82' lang='lat' dir='ltr'>Afranianis</span> <span class='ocrx_word' id='word_1_250' title='bbox 742 3270 788 3304; x_wconf 92' lang='lat' dir='ltr'>ex·</span> <span class='ocrx_word' id='word_1_251' title='bbox 830 3256 940 3322; x_wconf 89' lang='lat' dir='ltr'>litteris,</span> <span class='ocrx_word' id='word_1_252' title='bbox 950 3259 1005 3310; x_wconf 87' lang='lat' dir='ltr'>scil.</span> <span class='ocrx_word' id='word_1_253' title='bbox 1015 3256 1119 3311; x_wconf 87' lang='lat' dir='ltr'>duobus</span> <span class='ocrx_word' id='word_1_254' title='bbox 1133 3260 1161 3310; x_wconf 90' lang='lat' dir='ltr'>in</span> <span class='ocrx_word' id='word_1_255' title='bbox 1171 3260 1237 3313; x_wconf 92' lang='lat' dir='ltr'>locis</span> <span class='ocrx_word' id='word_1_256' title='bbox 1249 3260 1342 3332; x_wconf 82' lang='lat' dir='ltr'>legitur</span> 
     </span>
     <span class='ocr_line' id='line_1_32' title="bbox 272 3329 1342 3407; baseline 0.007 -19"><span class='ocrx_word' id='word_1_257' title='bbox 272 3335 420 3407; x_wconf 89' lang='lat' dir='ltr'>probret‚l.</span> <span class='ocrx_word' id='word_1_258' title='bbox 437 3352 463 3399; x_wconf 86' lang='lat' dir='ltr'>s,</span> <span class='ocrx_word' id='word_1_259' title='bbox 481 3333 529 3398; x_wconf 79' lang='lat'>85,</span> <span class='ocrx_word' id='word_1_260' title='bbox 542 3330 576 3385; x_wconf 88' lang='lat' dir='ltr'>de</span> <span class='ocrx_word' id='word_1_261' title='bbox 584 3332 658 3385; x_wconf 87' lang='lat' dir='ltr'>Bello</span> <span class='ocrx_word' id='word_1_262' title='bbox 664 3332 735 3396; x_wconf 81' lang='lat' dir='ltr'>civ,</span> <span class='ocrx_word' id='word_1_263' title='bbox 746 3329 788 3382; x_wconf 90' lang='lat' dir='ltr'>di·</span> <span class='ocrx_word' id='word_1_264' title='bbox 830 3336 976 3400; x_wconf 69' lang='lat' dir='ltr'>diedecima,</span> <span class='ocrx_word' id='word_1_265' title='bbox 986 3356 1041 3390; x_wconf 92' lang='lat' dir='ltr'>non</span> <span class='ocrx_word' id='word_1_266' title='bbox 1048 3338 1170 3391; x_wconf 83' lang='lat' dir='ltr'>xrr.1nde</span> <span class='ocrx_word' id='word_1_267' title='bbox 1176 3339 1250 3393; x_wconf 85' lang='lat' dir='ltr'>locus</span> <span class='ocrx_word' id='word_1_268' title='bbox 1256 3360 1342 3394; x_wconf 87' lang='lat' dir='ltr'>emen·</span> 
     </span>
     <span class='ocr_line' id='line_1_33' title="bbox 272 3412 1063 3487; baseline 0.004 -19"><span class='ocrx_word' id='word_1_269' title='bbox 272 3433 353 3469; x_wconf 85' lang='lat' dir='ltr'>cens:</span> <span class='ocrx_word' id='word_1_270' title='bbox 369 3434 414 3468; x_wconf 90' lang='lat' dir='ltr'>eos</span> <span class='ocrx_word' id='word_1_271' title='bbox 425 3432 500 3487; x_wconf 83' lang='lat' dir='ltr'>neque</span> <span class='ocrx_word' id='word_1_272' title='bbox 513 3412 639 3484; x_wconf 80' lang='lat' dir='ltr'>colloquii,</span> <span class='ocrx_word' id='word_1_273' title='bbox 658 3432 732 3483; x_wconf 83' lang='lat' dir='ltr'>neque</span> <span class='ocrx_word' id='word_1_274' title='bbox 749 3414 788 3461; x_wconf 84' lang='lat' dir='ltr'>iu·</span> <span class='ocrx_word' id='word_1_275' title='bbox 830 3414 934 3470; x_wconf 88' lang='lat' dir='ltr'>dandus</span> <span class='ocrx_word' id='word_1_276' title='bbox 949 3416 1063 3471; x_wconf 89' lang='lat' dir='ltr'>videtur.</span> 
     </span>
     <span class='ocr_line' id='line_1_34' title="bbox 271 3492 1339 3571; baseline 0.006 -24"><span class='ocrx_word' id='word_1_277' title='bbox 271 3496 397 3547; x_wconf 75' lang='lat' dir='ltr'>daciarum</span> <span class='ocrx_word' id='word_1_278' title='bbox 411 3496 471 3565; x_wconf 85' lang='lat' dir='ltr'>jura</span> <span class='ocrx_word' id='word_1_279' title='bbox 493 3511 612 3553; x_wconf 75' lang='lat' dir='ltr'>servasse,</span> <span class='ocrx_word' id='word_1_280' title='bbox 637 3503 663 3542; x_wconf 84' lang='lat' dir='ltr'>et</span> <span class='ocrx_word' id='word_1_281' title='bbox 683 3492 788 3543; x_wconf 74' lang='lat' dir='ltr'>homines</span> <span class='ocrx_word' id='word_1_282' title='bbox 872 3497 938 3559; x_wconf 63' lang='grc' dir='ltr'>Μὴ</span> <span class='ocrx_word' id='word_1_283' title='bbox 946 3497 1127 3550; x_wconf 61' lang='lat' dir='ltr'>diversissimam</span> <span class='ocrx_word' id='word_1_284' title='bbox 1139 3498 1232 3552; x_wconf 81' lang='lat' dir='ltr'>Gallice</span> <span class='ocrx_word' id='word_1_285' title='bbox 1239 3512 1339 3571; x_wconf 80' lang='lat' dir='ltr'>partem.</span> 
     </span>
     <span class='ocr_line' id='line_1_35' title="bbox 273 3572 1341 3652; baseline 0.007 -26"><span class='ocrx_word' id='word_1_286' title='bbox 273 3572 788 3646; x_wconf 70' lang='lat' dir='ltr'>inperitosetpercolloqttiumdeceptoscru·</span> <span class='ocrx_word' id='word_1_287' title='bbox 830 3576 889 3630; x_wconf 75' lang='lat' dir='ltr'>Hoc</span> <span class='ocrx_word' id='word_1_288' title='bbox 898 3580 972 3630; x_wconf 81' lang='lat' dir='ltr'>estin</span> <span class='ocrx_word' id='word_1_289' title='bbox 981 3578 1341 3652; x_wconf 72' lang='lat' dir='ltr'>Aquitaniam‚qussBelgio,</span> 
     </span>
     <span class='ocr_line' id='line_1_36' title="bbox 273 3646 1342 3729; baseline -0.004 -22"><span class='ocrx_word' id='word_1_290' title='bbox 273 3654 555 3719; x_wconf 64' lang='lat' dir='ltr'>delictimert&#39;rttersect&#39;ste.</span> <span class='ocrx_word' id='word_1_291' title='bbox 572 3646 607 3704; x_wconf 71' lang='lat' dir='ltr'>itt</span> <span class='ocrx_word' id='word_1_292' title='bbox 617 3651 730 3703; x_wconf 75' lang='lat' dir='ltr'>Romani</span> <span class='ocrx_word' id='word_1_293' title='bbox 745 3650 787 3702; x_wconf 75' lang='lat' dir='ltr'>his</span> <span class='ocrx_word' id='word_1_294' title='bbox 830 3656 859 3707; x_wconf 87' lang='lat' dir='ltr'>in</span> <span class='ocrx_word' id='word_1_295' title='bbox 878 3674 931 3729; x_wconf 86' lang='lat' dir='ltr'>quo</span> <span class='ocrx_word' id='word_1_296' title='bbox 945 3657 1033 3710; x_wconf 78' lang='lat' dir='ltr'>Caesar</span> <span class='ocrx_word' id='word_1_297' title='bbox 1050 3677 1111 3711; x_wconf 85' lang='lat' dir='ltr'>cum</span> <span class='ocrx_word' id='word_1_298' title='bbox 1126 3660 1273 3713; x_wconf 64' lang='lat' dir='ltr'>Bellovacis</span> <span class='ocrx_word' id='word_1_299' title='bbox 1287 3661 1342 3713; x_wconf 67' lang='lat' dir='ltr'>bel.</span> 
     </span>
     <span class='ocr_line' id='line_1_37' title="bbox 272 3730 1341 3808; baseline 0.005 -20"><span class='ocrx_word' id='word_1_300' title='bbox 272 3733 439 3806; x_wconf 72' lang='lat' dir='ltr'>temporibus</span> <span class='ocrx_word' id='word_1_301' title='bbox 452 3734 506 3803; x_wconf 83' lang='lat' dir='ltr'>jam</span> <span class='ocrx_word' id='word_1_302' title='bbox 522 3732 637 3783; x_wconf 84' lang='lat' dir='ltr'>multum</span> <span class='ocrx_word' id='word_1_303' title='bbox 653 3748 667 3783; x_wconf 73' lang='lat' dir='ltr'>a</span> <span class='ocrx_word' id='word_1_304' title='bbox 688 3730 788 3783; x_wconf 79' lang='lat' dir='ltr'>virtute</span> <span class='ocrx_word' id='word_1_305' title='bbox 830 3736 887 3789; x_wconf 92' lang='lat' dir='ltr'>lum</span> <span class='ocrx_word' id='word_1_306' title='bbox 900 3750 1031 3808; x_wconf 77' lang='lat' dir='ltr'>gesserat,</span> <span class='ocrx_word' id='word_1_307' title='bbox 1044 3739 1080 3791; x_wconf 90' lang='lat' dir='ltr'>ob</span> <span class='ocrx_word' id='word_1_308' title='bbox 1094 3738 1160 3790; x_wconf 90' lang='lat' dir='ltr'>illud</span> <span class='ocrx_word' id='word_1_309' title='bbox 1168 3737 1274 3793; x_wconf 77' lang='lat' dir='ltr'>diversa</span> <span class='ocrx_word' id='word_1_310' title='bbox 1288 3752 1341 3804; x_wconf 90' lang='lat' dir='ltr'>est,</span> 
     </span>
     <span class='ocr_line' id='line_1_38' title="bbox 272 3808 1341 3890; baseline 0.007 -24"><span class='ocrx_word' id='word_1_311' title='bbox 272 3816 405 3883; x_wconf 83' lang='lat' dir='ltr'>majorum</span> <span class='ocrx_word' id='word_1_312' title='bbox 418 3830 528 3864; x_wconf 91' lang='lat' dir='ltr'>suorum</span> <span class='ocrx_word' id='word_1_313' title='bbox 542 3808 746 3863; x_wconf 82' lang='lat' dir='ltr'>declinaverant.</span> <span class='ocrx_word' id='word_1_314' title='bbox 779 3856 783 3869; x_wconf 85' lang='grc'><em>,</em></span> <span class='ocrx_word' id='word_1_315' title='bbox 830 3814 905 3886; x_wconf 89' lang='lat' dir='ltr'>quod</span> <span class='ocrx_word' id='word_1_316' title='bbox 924 3816 981 3869; x_wconf 78' lang='lat' dir='ltr'>hec</span> <span class='ocrx_word' id='word_1_317' title='bbox 1003 3836 1093 3871; x_wconf 84' lang='lat' dir='ltr'>versus</span> <span class='ocrx_word' id='word_1_318' title='bbox 1108 3821 1341 3890; x_wconf 80' lang='lat' dir='ltr'>septemtrionem,</span> 
     </span>
     <span class='ocr_line' id='line_1_39' title="bbox 314 3889 1342 3973; baseline 0.008 -27"><span class='ocrx_word' id='word_1_319' title='bbox 314 3894 380 3946; x_wconf 68' lang='lat' dir='ltr'>Cur.</span> <span class='ocrx_word' id='word_1_320' title='bbox 396 3891 500 3944; x_wconf 83' lang='lat' dir='ltr'>XXIV.</span> <span class='ocrx_word' id='word_1_321' title='bbox 519 3907 543 3943; x_wconf 84' lang='lat'>1.</span> <span class='ocrx_word' id='word_1_322' title='bbox 559 3891 623 3959; x_wconf 65' lang='grc' dir='ltr'>(λιιι</span> <span class='ocrx_word' id='word_1_323' title='bbox 639 3889 724 3941; x_wconf 80' lang='lat' dir='ltr'>bellum</span> <span class='ocrx_word' id='word_1_324' title='bbox 739 3910 788 3960; x_wconf 73' lang='lat' dir='ltr'>pa·</span> <span class='ocrx_word' id='word_1_325' title='bbox 830 3896 874 3947; x_wconf 84' lang='lat' dir='ltr'>ills</span> <span class='ocrx_word' id='word_1_326' title='bbox 890 3908 979 3949; x_wconf 85' lang='lat' dir='ltr'>autem</span> <span class='ocrx_word' id='word_1_327' title='bbox 987 3897 1125 3950; x_wconf 86' lang='lat' dir='ltr'>meridiem</span> <span class='ocrx_word' id='word_1_328' title='bbox 1132 3917 1225 3952; x_wconf 80' lang='lat' dir='ltr'>versus</span> <span class='ocrx_word' id='word_1_329' title='bbox 1233 3914 1342 3973; x_wconf 84' lang='lat' dir='ltr'>spectet,</span> 
     </span>
     <span class='ocr_line' id='line_1_40' title="bbox 274 3967 1340 4053; baseline 0.009 -30"><span class='ocrx_word' id='word_1_330' title='bbox 274 3984 347 4026; x_wconf 79' lang='lat' dir='ltr'>reret.</span> <span class='ocrx_word' id='word_1_331' title='bbox 370 3969 504 4025; x_wconf 83' lang='lat' dir='ltr'>Undecim</span> <span class='ocrx_word' id='word_1_332' title='bbox 524 3967 629 4023; x_wconf 85' lang='lat' dir='ltr'>codices</span> <span class='ocrx_word' id='word_1_333' title='bbox 652 3982 679 4022; x_wconf 90' lang='lat' dir='ltr'>et</span> <span class='ocrx_word' id='word_1_334' title='bbox 697 3982 788 4023; x_wconf 89' lang='lat' dir='ltr'>noster</span> <span class='ocrx_word' id='word_1_335' title='bbox 830 3974 1012 4046; x_wconf 89' lang='lat' dir='ltr'>quodquidem</span> <span class='ocrx_word' id='word_1_336' title='bbox 1034 3998 1066 4031; x_wconf 82' lang='lat' dir='ltr'>ex</span> <span class='ocrx_word' id='word_1_337' title='bbox 1086 3996 1118 4030; x_wconf 88' lang='lat' dir='ltr'>eo</span> <span class='ocrx_word' id='word_1_338' title='bbox 1140 3980 1245 4049; x_wconf 82' lang='lat' dir='ltr'>patebit</span> <span class='ocrx_word' id='word_1_339' title='bbox 1269 3978 1340 4053; x_wconf 81' lang='lat' dir='ltr'>quod</span> 
     </span>
     <span class='ocr_line' id='line_1_41' title="bbox 276 4048 1340 4131; baseline 0.008 -26"><span class='ocrx_word' id='word_1_340' title='bbox 276 4053 370 4123; x_wconf 80' lang='lat'>5763,</span> <span class='ocrx_word' id='word_1_341' title='bbox 381 4071 435 4124; x_wconf 83' lang='lat' dir='ltr'>quoe</span> <span class='ocrx_word' id='word_1_342' title='bbox 449 4051 536 4102; x_wconf 68' lang='lat' dir='ltr'>heum</span> <span class='ocrx_word' id='word_1_343' title='bbox 548 4050 577 4102; x_wconf 80' lang='lat' dir='ltr'>td</span> <span class='ocrx_word' id='word_1_344' title='bbox 586 4062 700 4121; x_wconf 82' lang='lat' dir='ltr'>pararet,·</span> <span class='ocrx_word' id='word_1_345' title='bbox 714 4048 788 4102; x_wconf 84' lang='lat' dir='ltr'>unde</span> <span class='ocrx_word' id='word_1_346' title='bbox 830 4056 918 4109; x_wconf 86' lang='lat' dir='ltr'>statim</span> <span class='ocrx_word' id='word_1_347' title='bbox 930 4055 1017 4121; x_wconf 82' lang='lat' dir='ltr'>addit,</span> <span class='ocrx_word' id='word_1_348' title='bbox 1029 4058 1185 4124; x_wconf 81' lang='lat' dir='ltr'>Caninium,</span> <span class='ocrx_word' id='word_1_349' title='bbox 1197 4060 1280 4131; x_wconf 86' lang='lat' dir='ltr'>quiin</span> <span class='ocrx_word' id='word_1_350' title='bbox 1290 4061 1340 4113; x_wconf 79' lang='lat' dir='ltr'>iltis</span> 
     </span>
     <span class='ocr_line' id='line_1_42' title="bbox 273 4129 1340 4209; baseline 0.007 -26"><span class='ocrx_word' id='word_1_351' title='bbox 273 4129 415 4203; x_wconf 75' lang='lat' dir='ltr'>legendum</span> <span class='ocrx_word' id='word_1_352' title='bbox 424 4131 533 4203; x_wconf 86' lang='lat' dir='ltr'>conjicit</span> <span class='ocrx_word' id='word_1_353' title='bbox 541 4131 629 4183; x_wconf 75' lang='lat' dir='ltr'>Daris.</span> <span class='ocrx_word' id='word_1_354' title='bbox 640 4130 787 4203; x_wconf 79' lang='lat' dir='ltr'>quoebellum</span> <span class='ocrx_word' id='word_1_355' title='bbox 829 4136 982 4206; x_wconf 79' lang='lat' dir='ltr'>regionibus</span> <span class='ocrx_word' id='word_1_356' title='bbox 1004 4150 1131 4209; x_wconf 74' lang='lat' dir='ltr'>preerat,</span> <span class='ocrx_word' id='word_1_357' title='bbox 1153 4138 1253 4192; x_wconf 85' lang='lat' dir='ltr'>bellum</span> <span class='ocrx_word' id='word_1_358' title='bbox 1280 4158 1340 4194; x_wconf 73' lang='lat' dir='ltr'>mm</span> 
     </span>
     <span class='ocr_line' id='line_1_43' title="bbox 275 4208 1111 4288; baseline 0.011 -26"><span class='ocrx_word' id='word_1_359' title='bbox 275 4212 456 4283; x_wconf 77' lang='lat' dir='ltr'>adpareret,ut</span> <span class='ocrx_word' id='word_1_360' title='bbox 463 4208 555 4264; x_wconf 86' lang='lat' dir='ltr'>videre</span> <span class='ocrx_word' id='word_1_361' title='bbox 568 4222 607 4265; x_wconf 89' lang='lat' dir='ltr'>est</span> <span class='ocrx_word' id='word_1_362' title='bbox 622 4228 664 4283; x_wconf 83' lang='lat' dir='ltr'>sp.</span> <span class='ocrx_word' id='word_1_363' title='bbox 678 4210 786 4266; x_wconf 77' lang='lat' dir='ltr'>Cicero·</span> <span class='ocrx_word' id='word_1_364' title='bbox 829 4214 985 4271; x_wconf 86' lang='lat' dir='ltr'>Pictonibus</span> <span class='ocrx_word' id='word_1_365' title='bbox 997 4218 1111 4288; x_wconf 75' lang='lat' dir='ltr'>gessisse.</span> 
     </span>
    </p>
   </div>
   <div class='ocr_carea' id='block_1_5' title="bbox 0 0 1504 5034">
    <p class='ocr_par' dir='ltr' id='par_1_7' title="bbox 0 0 1504 5034">
     <span class='ocr_line' id='line_1_44' title="bbox 0 0 1504 5034; baseline 0 0"><span class='ocrx_word' id='word_1_366' title='bbox 0 0 1504 5034; x_wconf 95' lang='lat' dir='ltr'> </span> 
     </span>
    </p>
   </div>
  </div>
 </body>
</html>
