3000 5034
446 469 860 544 nemeaeum.
1129 489 1195 543 xus

21 599 23 624 l
113 629 178 700 Hic
195 632 343 702 Venere
363 623 508 720 infami,
527 630 741 730 ventrisque
762 627 914 701 libidine
927 621 1080 728 raptus,

113 763 268 836 Vivendi
289 764 352 836 cui
374 785 484 836 eausa
499 761 569 836 fuit
588 764 719 842 lasciva
738 763 931 862 voluptas,

113 900 300 969 scortator
312 897 478 987 Consul,
496 895 705 998 dignusque
727 901 875 972 Nerone
893 896 1077 986 minister,

111 1029 239 1103 Iudice
261 1043 300 1104 te
322 1028 518 1104 damnatus
536 1029 657 1120 abest,
674 1029 870 1102 damnatus
889 1042 927 1104 et
948 1027 1051 1103 absit.

113 1161 174 1235 llle
195 1176 341 1252 autem,
359 1161 540 1237 scelerum
562 1161 676 1262 pleno
695 1163 765 1261 qui
786 1174 896 1233 natus
919 1162 959 1232 in
979 1185 1075 1252 avo,

114 1297 343 1395 Sanguineos
361 1298 459 1368 inter
475 1295 581 1368 Marii
598 1294 780 1394 Syttaeque
797 1293 968 1384 fusores,

115 1426 339 1505 Carnifieum
358 1427 702 1504 rabiemfdominari
720 1429 874 1526 impune
895 1425 1064 1516 videbat,

115 1562 341 1660 Mactarique
358 1559 499 1650 bonos,
522 1574 612 1632 tune
633 1561 787 1630 numina
806 1557 954 1649 credere
973 1557 1076 1630 nulla

116 1691 441 1790 Maluerat,'quam
455 1698 536 1764 non
552 1691 669 1787 justa,
688 1704 755 1762 aut
774 1690 902 1789 ignara
923 1690 1120 1780 Quiritum.

117 1821 185 1894 Sed
206 1824 361 1898 summis
376 1845 517 1896 errasse
539 1847 614 1895 suae
633 1847 718 1896 cum
737 1821 879 1894 eivibtss
899 1820 1019 1912 urbis,

118 1958 391 2056 Contempsisse
410 1961 532 2048 Deos,
555 1971 592 2030 et
615 1955 753 2056 templa
771 1958 938 2062 tonantia
958 1955 1069 2046 eoeli

118 2090 273 2162 Paenitet
293 2117 301 2160 :
324 2091 472 2162 insanas
490 2115 592 2162 nunc
610 2092 688 2188 ipse
703 2091 897 2162 Lucretius
913 2104 1027 2178 artes,

118 2225 287 2294 insanam
307 2236 473 2294 mentem
490 2223 610 2318 ejurat
631 2213 776 2320 squam
792 2219 908 2293 nollet
929 2220 1091 2320 Olympo

118 2354 321 2427 Detrusisse
341 2353 490 2426 Jovem!
515 2379 617 2425 nunc
638 2378 715 2426 sese
737 2353 886 2425 damnat
905 2367 943 2424 et
964 2353 1060 2446 odit,

119 2487 190 2576 Qui
212 2485 339 2558 sceleri
361 2508 529 2585 poenam,
550 2487 689 2558 miseris
711 2486 860 2574 solatia,
881 2492 1019 2584 Regem

119 2619 296 2718 Regibus,
316 2622 444 2692 aeterni
465 2620 607 2693 mundo
627 2621 791 2692 Rectoris
811 2617 992 2710 habenas,

120 2755 161 2822 Et
176 2753 290 2822 morti
309 2753 392 2822 vitae
411 2777 494 2850 spes
514 2751 728 2823 immortalis
748 2750 894 2823 ademit.

119 2883 171 2953 Da
190 2884 338 2955 veniam
360 2885 494 2970 errori;
514 2885 580 2982 qui
600 2883 735 2982 gaudes
756 2909 906 2983 parcere
927 2888 1088 2976 eunctis,

120 3016 226 3086 Parce
247 3028 369 3113 pater;
389 3017 531 3114 superis
548 3027 669 3114 aequat
688 3015 882 3088 clementia
902 3041 1017 3117 reges.

21 3197 22 3204 κ
120 3144 225 3217 Haud
247 3146 336 3219 alios
355 3148 464 3246 gessit
481 3146 594 3245 regali
611 3161 762 3244 pectore
780 3173 930 3238 sensus,

21 3301 22 3306 ’
120 3277 183 3350 Ille
207 3293 293 3350 tuus
310 3279 473 3369 Lodoix,
496 3282 681 3378 exemplar
698 3279 824 3352 nobile
845 3306 993 3380 regum,

121 3413 279 3510 Imperio
300 3413 367 3510 qui
386 3411 445 3483 his
466 3426 606 3513 septem
624 3413 881 3510 quinquennia
900 3439 1035 3512 magno

21 3535 22 3592 ἕ
122 3545 301 3616 Maximus
322 3544 496 3645 explevit3
516 3547 600 3644 qui,
620 3543 771 3644 quando
792 3545 913 3645 stirpis
934 3548 1037 3617 avitae

122 3677 234 3749 Dulce
257 3676 368 3748 decus
385 3679 560 3774 juvenem
578 3675 808 3786 Delphinum
830 3676 969 3779 fingere
989 3678 1144 3771 vellet,¹⁹

124 3810 193 3882 Olli
209 3835 288 3883 non
305 3811 427 3882 timuit
443 3815 632 3884 Naturam
651 3810 799 3883 eredere
822 3835 942 3884 rerum
962 3838 970 3881 :

123 3944 193 4014 Nec
213 3956 340 4014 tamen
358 3944 398 4013 in
419 3942 554 4031 lucem,
572 3943 704 4015 sanctis
724 3941 956 4015 delentibus
977 3943 1125 4037 hausta,

124 4077 290 4150 Carmina
305 4075 509 4175 protulerat
526 4073 655 4150 Phoebi
676 4075 886 4175 Christique
909 4077 1076 4152 sacerdos
1086 4093 1123 4168 ,²⁰
