3000 5034
274 521 356 570 xxiv
522 482 790 565 EDITORIS
812 488 1111 567 PRAEFATIO.

317 625 387 690 Not
403 643 492 690 tum
510 625 635 690 minori
652 625 751 690 nobis
769 645 821 689 res
840 627 1086 717 geogtuphioet,
1110 642 1184 715 quse
1201 629 1238 693 in
1263 631 1360 720 sonip-

273 750 345 803 tore
364 729 512 821 quolibet
525 730 684 798 historito
698 748 808 822 partes
821 733 988 798 sustinent
1001 730 1084 798 tdeo
1098 751 1225 824 gentes,
1237 752 1277 800 ut
1289 754 1358 802 non

272 839 439 907 immerito
454 839 593 904 rituum
616 839 757 904 totoue
773 839 881 904 motet
898 839 995 905 diotre
1013 841 1092 905 olitn
1109 843 1236 907 merim
1256 866 1264 906 t
1284 859 1359 908 nes·

272 946 438 1013 cireenim
450 945 509 1010 ubi
519 941 580 1029 tis,
600 941 772 1036 et'qttibus
791 963 869 1014 eum
885 947 1017 1036 populis
1035 961 1087 1010 ms
1105 953 1360 1038 egetur,=genus

273 1051 442 1143 quoddam
467 1052 618 1116 uersutis
645 1051 770 1133 ditem,
792 1069 861 1116 non
890 1050 1086 1140 pudendum
1108 1053 1241 1137 minus,
1258 1071 1359 1142 quani

273 1161 398 1224 neseus
410 1158 491 1247 quid
503 1175 680 1247 antequam
693 1175 790 1223 natus
800 1159 901 1224 fueris
912 1155 947 1222 in
959 1157 1040 1224 orlte
1050 1175 1179 1250 gestum
1188 1162 1240 1225 sit.
1249 1151 1359 1245 Quem

164 1310 166 1314 v
271 1265 379 1356 operis
391 1277 518 1364 partem
531 1283 601 1354 qno
611 1265 725 1331 studio
740 1265 986 1349 curaverimus,
998 1267 1137 1354 patebit,
1149 1283 1221 1332 tum
1237 1284 1257 1331 s
1273 1268 1360 1332 nnus

271 1374 350 1463 ipsis
368 1373 444 1438 loco
463 1366 712 1462 interpretando
738 1372 914 1460 adpositis,
934 1387 1008 1437 tum
1031 1388 1071 1437 ex
1089 1373 1203 1438 lndice
1215 1365 1360 1464 (leogis
1418 1361 1420 1364 ⁴

271 1481 386 1571 plu‘to,
399 1481 457 1568 qui
470 1496 579 1546 totum
597 1497 684 1570 epus
702 1476 900 1563 concludet,
914 1495 948 1544 et
960 1480 1055 1560 eujus
1073 1481 1239 1568 specimen
1257 1483 1362 1545 lector

272 1587 406 1652 habebit
424 1587 467 1652 ul
485 1589 607 1652 oeloem
625 1589 723 1677 prinri
742 1587 1087 1669 huiusoerolurninis,
1105 1587 1141 1650 iu
1159 1587 1266 1651 verbis
1283 1587 1362 1652 Gol-

272 1695 336 1778 lio,
356 1693 462 1778 Gaas,
476 1711 509 1760 et
526 1695 741 1784 Agettslieuet.
761 1695 907 1758 Multum
918 1693 1045 1774 aberot,
1057 1708 1096 1756 ut
1109 1694 1169 1780 qui
1186 1712 1255 1758 resn
1269 1693 1361 1783 prio-

273 1819 325 1868 res
341 1818 581 1884 trectrverunu
599 1802 689 1866 haud
706 1796 884 1866 difficulter
900 1799 1105 1864 metiundum
1122 1802 1360 1889 posterioribus

272 1909 465 1998 reliquerint
485 1930 493 1972 ι
513 1907 730 1972 discutiendo
746 1907 837 1970 enim
855 1905 1016 1989 tenebris,
1045 1907 1166 1995 qrribus
1196 1926 1361 1995 quorunn

274 2015 351 2081 dem
365 2017 516 2081 locorum
535 2016 634 2098 situs,
651 2029 684 2079 et
697 2015 749 2078 vel
765 2015 835 2102 ipse
852 2014 988 2078 urbium
1001 2030 1061 2080 aut
1077 2016 1277 2104 populorum
1296 2036 1361 2081 nos

274 2123 365 2187 mino
382 2122 491 2186 adhuc
507 2120 775 2201 involvebantur,
787 2120 822 2182 in
843 2117 947 2184 Gallis
963 2121 1143 2208 presertim
1154 2123 1270 2205 veteri,
1282 2140 1361 2188 cum

273 2231 449 2294 recentiori
460 2227 676 2312 eonferenda,
688 2229 838 2316 quemvis
855 2244 928 2293 enm
946 2228 996 2292 vir
1015 2228 1050 2292 in
1064 2243 1134 2295 urse
1145 2231 1361 2320 geographica

273 2335 560 2424 prestantissimtrs
578 2333 757 2416 d’Auville,
781 2348 814 2398 et
831 2335 931 2424 paulo
949 2343 1025 2399 ante
1048 2334 1152 2400 Hadr.
1170 2337 1210 2400 de
1230 2335 1361 2417 Voluit,

275 2459 344 2506 non
364 2442 461 2506 docte
479 2443 591 2507 minus
616 2459 717 2530 quam
743 2443 900 2532 sagaciter
923 2441 1164 2531 descripserint.
1184 2441 1248 2507 Sed
1266 2440 1362 2506 noris

275 2550 311 2614 in
327 2536 396 2614 dies
410 2549 552 2615 inventis
571 2567 622 2616 erl
641 2552 838 2640 locupletato
856 2569 981 2617 novum
998 2551 1139 2640 ingeniis
1156 2565 1295 2614 strumen
1313 2550 1363 2613 ln-

276 2655 374 2740 didit,
388 2673 422 2720 et
439 2657 527 2722 viros
546 2658 731 2739 suscitavit,
748 2658 808 2744 qui
826 2659 925 2722 tantis
941 2657 1021 2721 titis
1039 2674 1109 2720 nun
1127 2657 1266 2743 impares
1285 2671 1362 2720 site*

276 2763 445 2841 oederent,
460 2779 522 2827 neo
540 2761 586 2827 ite
603 2761 750 2828 certandi
766 2761 919 2850 cupidos,
933 2781 1034 2849 quarn
1052 2761 1193 2825 scientie
1209 2761 1312 2848 ipsius
1327 2773 1363 2827 et

277 2871 346 2934 veri
365 2887 476 2934 amore
497 2869 675 2934 liberaliter
692 2869 855 2934 incensos.
874 2869 952 2932 illos
975 2869 1061 2932 inter
1086 2867 1258 2931 nominare
1284 2854 1362 2933 satis

278 2993 329 3042 est
345 2977 386 3041 V.
400 2976 435 3042 C.
449 2974 569 3040 Barbtt
579 2977 624 3040 du
636 2977 781 3064 Bocage,
793 2993 827 3040 et
838 2973 934 3040 Ναί.
947 2975 1139 3053 solatura,
1150 2989 1189 3039 ut
1199 2974 1363 3062 quidquid

280 3084 315 3152 in
334 3106 433 3171 opere
449 3099 564 3161 nostro
580 3081 621 3146 ad
636 3081 876 3172 Geographiam
887 3083 1046 3170 pertinet,
1061 3079 1161 3170 digne
1173 3079 1362 3163 laudatum,

281 3189 425 3276 satisque
441 3189 557 3252 lectori
571 3187 842 3253 commendatum
860 3188 1035 3252 amborum
1050 3187 1185 3251 nomine
1202 3186 1350 3275 prodeat.

326 3295 471 3362 Multum
490 3317 625 3384 quoque
643 3295 744 3361 debet
761 3297 869 3360 Coestr
886 3312 1013 3379 noster,
1024 3297 1168 3374 multum
1186 3295 1293 3385 etqui
1311 3314 1364 3358 se·

282 3407 428 3494 queritur
434 3404 604 3470 debebunt
614 3399 821 3495 typogmpho
829 3404 1053 3487 celeberrimo,
1065 3404 1158 3484 cujus
1165 3403 1364 3489 Europoeum

284 3532 406 3578 nomen
426 3536 503 3578 eum
529 3511 631 3601 ipsius
657 3513 734 3576 artis
754 3512 889 3577 nomine
913 3511 1128 3592 conjunctum
1151 3503 1192 3574 ad
1216 3524 1364 3596 posteros

285 3613 361 3701 ibit,
380 3617 561 3685 honorifice
579 3618 828 3707 excipiendum
846 3618 905 3680 Vir
921 3616 1082 3704 politioris
1099 3615 1260 3700 cujusque
1275 3613 1364 3677 litte-

285 3739 404 3790 ratulte
423 3743 521 3791 succo
535 3725 702 3808 imbutus,
718 3747 780 3788 nec
791 3723 911 3788 Graecis
929 3733 1027 3786 utens
1044 3715 1244 3784 familiariter
1254 3720 1365 3784 minus

287 3855 387 3920 quam
406 3833 550 3916 Latinis,
570 3831 835 3920 unumquodque
858 3827 1023 3919 specimen
1042 3825 1149 3892 siculis
1167 3827 1284 3908 subjici
1306 3851 1367 3893 vo·

287 3938 367 4022 luit,
385 3963 446 4006 nec
469 3939 589 4004 menda
606 3941 728 4016 solum,
749 3939 777 4002 si
794 3958 868 4024 quse
886 3934 1086 4019 exciderunt,
1106 3936 1252 4012 sustulit,
1264 3933 1322 3999 sed
1335 3949 1368 3998 et

288 4045 383 4140 plura
390 4047 545 4136 sagaciter
551 4045 729 4124 annotavit,
736 4043 850 4132 quaein
859 4041 976 4106 meiius
982 4054 1366 4106 mutataconsanuerunt.

335 4147 394 4218 llis
427 4153 581 4218 omnibus
609 4151 742 4234 exactis,
761 4146 863 4214 lector
890 4149 1143 4232 humanissime,
1162 4163 1310 4238 superest
1330 4161 1369 4212 ut

290 4275 443 4355 suscepto
457 4261 492 4328 in
506 4275 597 4326 tuam
615 4257 791 4326 utilitatem
809 4252 914 4323 laboti
929 4257 1036 4324 severe
1046 4256 1136 4323 velis.
1148 4253 1229 4322 Vive
1242 4269 1276 4318 et
1287 4253 1368 4319 mle.
