3000 5034
309 528 380 603 Ι156
462 532 500 601 C.
527 530 670 600 lULII
697 528 932 598 CAESARIS
958 527 1230 598 COMMENT.

303 667 402 733 Hunc
433 662 475 731 ad
505 661 740 757 egrediendum
772 684 980 755 nequaquam
1009 660 1164 729 idoneum
1194 659 1374 731 arbitratus
1486 693 1487 700 ¹

304 768 431 857 locum,
445 767 525 837 dum
541 768 673 862 reliquae
692 791 793 835 naves
809 791 850 835 eo
869 766 1100 853 convenirent,
1114 766 1155 833 ad
1174 764 1294 834 horam
1313 792 1374 835 no·

304 900 381 944 narn
390 873 413 898 ¹⁰
425 877 458 942 in
473 876 602 943 ancoris
623 874 836 968 exspectavit.
852 874 991 941 Interim
1009 873 1141 967 Legatis
1154 872 1375 966 Tribunisque

304 980 443 1049 militum
459 981 664 1070 convocatu,
676 993 710 1048 et
725 1004 799 1073 quae
812 1003 853 1048 ex
868 976 1037 1048 Voluseno
1052 992 1242 1071 cognosset,
1254 992 1290 1045 et
1301 1004 1377 1072 quae

305 1087 376 1155 lieri
401 1085 501 1156 vellet
517 1087 675 1174 ostendit,
693 1084 916 1179 monuitque¹¹
938 1078 997 1172 (ut
1022 1085 1069 1153 rei
1096 1083 1245 1153 militaris
1273 1087 1377 1173 ratio,

305 1194 445 1261 maxime
457 1206 494 1261 ut
505 1193 676 1261 maritima
688 1217 740 1261 res
753 1190 975 1286 postularent,
985 1205 1024 1259 ut
1036 1216 1109 1285 quae
1120 1190 1260 1283 celerem
1275 1205 1378 1284 atque

305 1298 488 1368 instabilem
508 1296 668 1367 motum¹²
682 1291 879 1388 haberent),
896 1298 938 1366 ad
964 1312 1083 1366 nutum
1111 1311 1146 1365 et
1172 1296 1215 1365 ad
1242 1310 1378 1391 tempus

305 1429 419 1475 omnes
435 1431 487 1474 res
502 1406 544 1473 ab
564 1406 602 1473 iis
611 1404 928 1473 administrarentur.
945 1406 1006 1473 His
1022 1403 1179 1491 dimissis,
1189 1418 1224 1471 et
1236 1417 1378 1472 ventum

305 1525 338 1579 et
361 1526 477 1581 aestum
504 1536 573 1580 uno
599 1527 748 1629 tempore
775 1526 892 1580 nactus
912 1510 1111 1597 secundum,
1124 1509 1251 1578 dato
1226 1535 1324 1604 signo
1345 1524 1379 1579 et

247 1610 249 1619 ’
306 1615 445 1686 sublatis
460 1618 607 1705 ancoris,
620 1618 750 1686 circiter
764 1615 872 1686 millia
894 1640 1051 1747 passuum
1068 1618 1136 1685 VII
1163 1616 1205 1684 ab
1233 1641 1273 1683 eo
1301 1613 1378 1686 loco

305 1748 517 1818 progressus,
529 1738 645 1818 aperto
662 1748 700 1793 ac
721 1720 821 1817 plano
837 1708 981 1792 littore¹³
996 1747 1098 1791 naves
1113 1722 1347 1791 constituit·

358 1832 485 1900 XXIV
507 1832 552 1897 At
567 1830 715 1915 barbari,
729 1828 864 1897 consilio
884 1831 1114 1897 Romanorum
1133 1829 1285 1922 cognito,
1297 1853 1379 1922 prae·

305 1936 404 2003 misso
430 1937 577 2029 equitatu
604 1950 638 2003 et
663 1934 832 2003 essedariis
840 1934 863 2023 ¹,
874 1960 941 2029 quo
970 1933 1165 2029 plerumque
1194 1958 1316 2029 genere
1344 1936 1378 2002 in

304 2040 422 2135 praeliis
448 2043 496 2109 uti
518 2056 739 2127 consuerunt,
758 2039 889 2136 reliquis
911 2044 1014 2136 copiis
1036 2029 1225 2128 subsecuti,
1243 2056 1377 2111 nostros

303 2147 443 2215 navibus
464 2147 575 2242 egredi
595 2146 825 2241 prohibebant
849 2151 931 2217 Erat
953 2150 996 2217 ob
1022 2147 1082 2217 has
1108 2172 1222 2217 causas
1245 2172 1377 2217 summa

304 2252 497 2340 difficultas,
511 2254 601 2346 quod
617 2278 718 2322 naves
732 2270 870 2348 propter
884 2253 1161 2349 magnitudinem,
1172 2255 1234 2322 nisi
1246 2256 1281 2321 in
1293 2253 1376 2341 alto,

305 2359 460 2427 constitui
482 2384 550 2427 non
575 2374 745 2454 poterant;
757 2358 914 2454 militibus
935 2374 1046 2429 autem
1064 2362 1183 2455 ignotis
1202 2356 1300 2449 locis,
1315 2362 1375 2428 im·

304 2464 421 2558 peditis
441 2467 742 2561 manibus,magno
763 2481 797 2534 et
817 2468 910 2562 gravi
928 2492 1098 2535 armorum
1120 2491 1220 2535 onere
1237 2492 1377 2561 oppres-

305 2572 364 2657 sis,
376 2570 471 2640 simul
493 2572 582 2640 etde
602 2571 741 2641 navibus
757 2572 991 2661 desiliendum,
1006 2587 1040 2641 et
1059 2574 1092 2640 in
1107 2571 1280 2643 fluctibus²
1295 2568 1380 2642 con'ff

305 2678 501 2765 sistendum,
513 2693 548 2747 et
563 2704 638 2747 cum
648 2678 799 2747 hostibus
808 2694 879 2747 erat
889 2678 1104 2774 pugnandum
1118 2705 1125 2746 :
1139 2704 1242 2772 quum
1255 2677 1302 2746 illi
1317 2693 1377 2747 aut

231 2810 234 2814 ·
304 2808 345 2851 cx
358 2783 531 2872 arido,aut
543 2782 715 2878 paululum
726 2786 760 2852 in
772 2809 890 2881 aquam
908 2787 1090 2880 progressi,
1104 2786 1258 2855 omnibus
1274 2810 1376 2853 mem-

304 2986 385 3038 Recte
400 2983 529 3056 quidem:
548 3004 610 3037 nam
632 3003 700 3057 sape
720 2986 816 3059 saepius
859 2987 932 3039 hunc
945 2986 1036 3039 locum
1051 2986 1219 3052 cruciarunt,
1239 2984 1375 3038 utalium

304 3065 402 3134 adigere
414 3078 488 3117 turres
494 3104 502 3127 ‚
514 3064 610 3135 adigere
613 3068 723 3133 ferream,¹
735 3066 765 3119 in
774 3086 818 3119 eo·
859 3066 985 3119 elicerent
997 3084 1110 3119 sensum.

304 3142 366 3196 dem
376 3163 454 3198 sensu
464 3158 620 3210 occurrunt,
634 3164 689 3216 quo
703 3146 815 3217 acljicere.
902 3165 948 3198 ιι.
964 3145 1070 3197 Celerem
1089 3158 1160 3219 atque
1178 3143 1319 3197 instabilem.
1339 3144 1374 3197 In

304 3224 357 3276 Alii
369 3226 450 3277 adici:
463 3237 538 3277 vetus
549 3227 689 3297 scriptura.
858 3224 911 3278 boc
920 3227 988 3278 freto
994 3226 1108 3278 maxime
1116 3225 1239 3279 instabile
1247 3236 1274 3277 et
1280 3225 1373 3276 narba·

348 3323 392 3358 ιο.
408 3304 455 3357 Aa
466 3306 549 3357 loram
562 3324 657 3358 nonam.
672 3300 784 3379 (jusqu'i
799 3307 814 3360 3
859 3318 917 3358 turn
928 3300 1126 3377 tempestatibus
1132 3323 1204 3357 mare
1212 3322 1220 3370 ς
1229 3302 1303 3376 quod
1316 3322 1373 3355 om·

304 3383 385 3437 iterares
397 3389 465 3455 apris
481 3380 564 3448 midi).
858 3386 938 3437 nibus
947 3386 1027 3437 etiam
1040 3404 1113 3439 nunc
1124 3397 1219 3437 notum
1230 3396 1278 3437 est.

347 3482 390 3517 ιι.
411 3464 525 3519 Ostendit
537 3467 683 3537 monuique,
697 3476 742 3518 etc.
757 3464 816 3517 Hoc
903 3467 948 3518 ι3.
960 3465 1055 3537 Aperte
1065 3485 1095 3516 ac
1104 3466 1180 3536 plano
1192 3464 1280 3525 littore.
1292 3462 1371 3515 Hunc

302 3541 372 3608 loco,
382 3544 687 3615 turbaturphrasis,quae
695 3545 816 3615 pessimas
858 3557 967 3617 portum
980 3563 1035 3598 esse
1055 3546 1180 3607 Lemoni,
1195 3542 1276 3595 bodie
1289 3543 1367 3610 Hytlr,

302 3622 439 3677 latinitatis
451 3637 542 3677 notam
552 3642 608 3694 prae
621 3643 649 3676 se
660 3625 719 3676 lert.
735 3625 762 3675 Is
772 3642 817 3676 au·
858 3623 974 3677 ostendit
983 3624 1128 3677 D'Anville.

301 3714 356 3755 tem
371 3716 410 3756 est
430 3702 498 3755 ordo
513 3716 540 3756 et
559 3722 669 3757 sensus.
664 3722 669 3734 ·
684 3702 815 3768 ostendit,
898 3705 963 3757 Car.
979 3704 1109 3756 xxlv.1
1116 3703 1286 3756 Essedariis.
1297 3702 1371 3754 Esse·

301 3784 475 3855 monuitque,
488 3783 644 3835 utresab''
627 3802 659 3835 us
673 3780 705 3834 ad
718 3796 816 3836 nutum
858 3782 926 3835 darii
931 3783 995 3853 ,qui
1008 3802 1041 3835 ex
1053 3782 1150 3836 essedis
1158 3780 1370 3845 (curribusbellr

301 3874 329 3914 et
337 3861 370 3914 ad
378 3861 743 3934 tempusadmrmstrarentur
754 3882 816 3933 pro·
857 3858 910 3924 cis)
917 3874 1051 3934 pugnant.
1067 3864 1108 3915 De
1121 3859 1286 3915 essedisvid.
1300 3861 1369 3913 iniri

301 3954 333 3993 nt
344 3961 384 3993 rer
376 3942 517 3995 militaris
526 3955 609 4006 ratio
616 3954 643 3993 et
651 3960 764 3993 maxime
772 3961 814 3995 res
856 3959 914 4013 cap.
930 3944 976 3995 33.
993 3944 1031 3995 Μ.
1437 3959 1442 3969 “

301 4022 440 4074 maritimae
448 4022 624 4094 postularent,
632 4016 815 4091 quae(resma·
899 4041 924 4074 a.
933 4022 1122 4075 Demeam...
1138 4021 1290 4093 influctibus.
1301 3967 1369 4071 Prae-

299 4098 814 4165 ritimae)haberentmotuminstabilem
856 4102 1001 4173 positiones
1023 4102 1167 4154 restituunt
1192 4097 1367 4168 Oudendorp.

301 4181 462 4245 accelerem,
475 4180 564 4246 idest,
576 4194 661 4234 essent
670 4181 767 4233 celeres
777 4194 814 4234 at·
856 4194 883 4233 et
889 4183 1025 4247 Davisius,
1036 4199 1069 4234 ex
1082 4178 1204 4250 codd.;at
1215 4180 1246 4233 de
1257 4177 1367 4234 vacatin

301 4278 354 4331 que
370 4260 512 4315 instabiles.
534 4261 642 4315 Frustra
655 4260 813 4333 interpretes
855 4275 948 4318 nostro
962 4264 995 4317 lt.
1011 4264 1096 4332 5764.
