3000 5034
278 495 350 562 DE
378 492 554 561 BELLO
577 491 827 561 GALLICO.
852 493 948 560 LIB.
974 495 1002 560 Ι.
1153 521 1192 566 ιι

119 625 204 695 vado
221 627 394 696 transitur
401 629 597 696 Extremum
610 624 773 720 oppidum
785 623 1004 720 Allobrogum
1018 640 1084 712 est,
1093 631 1201 720 proxi·

120 758 275 826 mumque
288 731 521 802 Helvetiorum
533 731 673 818 finibus,
688 734 835 802 Genera.
851 734 904 800 Ex
917 756 958 800 eo
977 731 1101 827 oppido
1115 758 1204 840 pons
1215 802 1225 828 Ι

120 839 159 907 ad
174 839 347 910 Helvetios
366 827 543 933 pertinetl
559 837 796 958 Allobrogibus
814 862 886 906 sese
901 837 955 906 vel
968 862 1201 933 persuasuros,

120 946 206 1039 quod
228 946 382 1015 nondum
409 945 500 1014 bono
527 946 640 1014 animo
664 945 699 1012 in
726 943 889 1038 populum
911 969 1088 1014 romanum
1109 947 1200 1015 vide·

120 1067 244 1172 rentur,
256 1053 508 1140 existimabant3
499 1049 629 1120 ·vel
596 1077 631 1120 vi
653 1066 847 1139 coacturos,
864 1066 902 1121 ut
919 1077 980 1146 per
999 1077 1076 1122 suos
1094 1037 1201 1122 [ἰιιει6

120 1183 173 1227 eos
188 1161 238 1228 ire
261 1173 468 1254 paterentur.
487 1158 654 1227 Omnibus
672 1159 772 1226 rebus
790 1158 833 1227 ad
850 1158 1094 1252 profectionem
1110 1184 1201 1228 οοιιι-

121 1267 262 1358 paratis,
277 1266 367 1335 diem
388 1266 522 1354 dicunt,
538 1290 605 1359 qua
628 1265 681 1333 die
709 1264 752 1333 ad
777 1266 885 1357 ripam
907 1265 1064 1334 Rhodani
1085 1291 1203 1336 omnes

121 1374 392 1443 conveniant:is
422 1371 491 1442 dies
521 1387 593 1441 erat
621 1395 649 1440 a.
678 1369 710 1439 d.
734 1374 776 1440 V.
800 1371 875 1439 Kal.
895 1372 976 1466 Apr.
1002 1375 1040 1441 L
1064 1375 1203 1461 Pisone,

123 1480 158 1547 Α.
176 1479 324 1548 Gabinio
343 1503 418 1552 coss
431 1477 453 1546 ⁷.

172 1587 250 1656 Vll.
266 1588 391 1655 Caesari
409 1609 513 1678 quum
527 1583 561 1652 id
576 1585 772 1652 nunciatum
793 1597 897 1670 esset,
912 1609 970 1652 eos
988 1609 1049 1679 per
1062 1588 1202 1654 Provin-

124 1693 205 1760 ciam
225 1707 378 1762 nostram
401 1691 464 1760 iter
483 1691 591 1760 facere
613 1692 746 1780 conari,
762 1705 909 1760 maturat
930 1691 972 1758 ab
993 1692 1077 1760 urbe
1098 1691 1201 1786 profi·

123 1800 197 1868 cisci
218 1797 254 1888 ¹3
276 1814 328 1888 et,
345 1823 447 1894 quam
470 1800 622 1868 maximis
651 1812 762 1893 potest
789 1798 980 1885 itineribus,
996 1800 1032 1866 in
1059 1797 1202 1868 Galliam

123 1904 312 1974 ulteriorem
329 1907 339 1932 ²
360 1905 547 1993 contendit,
562 1920 596 1973 et
613 1904 655 1973 ad
678 1908 852 1975 Geuevam
897 1907 1047 1974 ervenit:
1062 1908 1202 1974 Provin-
1277 1915 1298 1946 '·

124 2013 177 2080 ciae
194 2015 256 2081 toti
271 2036 373 2106 quam
392 2013 574 2080 maximum
592 2027 703 2106 potest
720 2012 869 2081 militum·
902 2037 1079 2080 numerum
1097 2015 1201 2107 impe·
1296 2079 1300 2084 .

124 2133 172 2190 rat
184 2110 271 2208 (erat
289 2121 428 2188 omnino
443 2121 477 2186 iu
493 2117 603 2188 Gallia
617 2117 774 2188 ulteriore
788 2118 875 2214 legio
892 2143 960 2188 una
974 2109 1007 2209 Δ.)
1021 2145 1032 2187 :·
1048 2135 1203 2214 pontem,

124 2302 636 2375 blteorlo,oronlrtsb·Engltslsdr'ctionary,
724 2323 752 2374 7.
775 2305 805 2356 L.
830 2305 932 2365 Pisone,
949 2303 985 2357 Α,
1012 2304 1119 2358 Gabinio
1140 2326 1200 2358 coss.

124 2382 193 2436 ducit
208 2403 242 2456 er
256 2384 479 2439 hiberno-celtica
492 2384 593 2454 lingua,
605 2385 638 2436 ab
683 2383 740 2436 scil.
758 2403 819 2437 ann.
833 2403 862 2436 u,
878 2403 901 2436 c.
917 2402 1023 2437 ncxovr.

123 2464 176 2516 Ait!
184 2483 266 2536 rupes
273 2477 317 2530 ,et
326 2464 399 2532 Brog
407 2463 639 2534 habitatio,quasi
723 2464 874 2517 cm'vll.
901 2483 925 2516 1.
948 2464 1063 2516 Maturat
1082 2465 1114 2515 ab
1137 2465 1201 2518 Urbe

123 2545 229 2614 rupium
244 2545 340 2598 incolas
354 2543 516 2597 dicerentur.
534 2543 586 2596 Os.
678 2541 807 2614 proficisci.
816 2543 903 2595 Gallia
913 2543 985 2595 enim
992 2544 1132 2596 Provincia
1138 2563 1200 2597 cum

162 2626 187 2678 5.
200 2626 245 2678 Ee
257 2643 285 2676 eo
301 2624 403 2696 oppido,
416 2637 474 2687 ete,
488 2624 542 2678 scil.
558 2625 638 2695 paulo
681 2623 791 2694 Illyrico
807 2623 833 2678 ei
848 2624 934 2676 fuerat
948 2624 1083 2676 attributa.

121 2704 188 2756 intra
207 2705 260 2758 hoc
280 2703 413 2776 oppidum
432 2723 501 2775 pons
521 2716 575 2770 est,
591 2705 639 2775 qui
733 2723 760 2756 o.
784 2704 815 2755 In
842 2702 952 2758 Gallam
976 2705 1119 2758 ulteriorem.
1142 2705 1198 2758 scil.

118 2789 234 2876 pertinet,
248 2784 336 2838 tendit
358 2783 392 2838 ad
410 2784 572 2838 Helvetiam:
584 2803 638 2855 quo
681 2796 803 2855 respectu
823 2786 1006 2837 Romanorum
1025 2784 1111 2863 Gallia
1134 2804 1198 2856 pro-

121 2863 173 2916 itur
195 2865 225 2916 in
247 2865 406 2921 Helvetium.
423 2865 508 2920 Graec.
525 2864 636 2936 interpr.
680 2865 770 2917 vincia
784 2877 858 2919 trans
872 2865 952 2936 Alpes
965 2878 1030 2920 erat.

121 2935 195 3012 lp’
177 2965 206 3005 'nt
222 2939 353 3009 (Γινιιας)
373 2944 415 3000 καὶ
431 2948 522 3015 γέφυρα
538 2946 571 3006 εἰς
592 2945 636 3002 τὴν
723 2945 748 2998 3.
767 2945 848 3015 Quom
860 2965 989 2998 maximum
995 2958 1075 3017 potest
1088 2947 1196 2999 militum.

121 2997 256 3082 &instatis
278 3021 369 3082 dinan.
392 3024 463 3078 Male
485 3025 532 3096 qui
553 3025 645 3088 inter·
681 3025 766 3077 Potest
776 3038 852 3079 vacat
867 3027 897 3078 in
910 3025 973 3080 edd.
991 3040 1055 3080 vett.

121 3115 259 3172 pretuntur
276 3105 351 3176 quasi
368 3124 435 3175 pons
453 3104 637 3164 Helvetiorum
722 3113 748 3170 4.
766 3106 834 3158 Erat
852 3111 948 3158 onmino
967 3107 1031 3176 legio
1053 3126 1109 3160 ono.
1133 3107 1160 3159 h.
1177 3108 1196 3159 l.

121 3182 221 3237 luisset·
679 3184 709 3238 in
728 3204 759 3238 re
778 3187 887 3240 militari
901 3187 1076 3258 peritissimus
1091 3187 1133 3238 vir
1146 3180 1197 3247 (Le

160 3268 186 3317 6.
199 3265 227 3316 F
225 3269 284 3317 cites.
297 3263 384 3318 codd.
399 3266 522 3319 nonnulli
537 3265 637 3318 habent
682 3263 766 3318 Comte
775 3267 800 3317 T
797 3272 866 3337 topia
874 3267 904 3318 de
913 3266 1005 3332 Cassii,
1013 3266 1196 3321 Commentaires

116 3341 237 3416 finispro
244 3343 471 3416 fines,utsupra,
483 3364 539 3416 cap.
553 3363 578 3410 ι,
594 3350 637 3396 tris
680 3344 709 3394 de
732 3345 824 3410 Cesar,
840 3359 858 3398 t.
882 3365 909 3411 1,
925 3367 953 3416 p.
979 3344 1036 3410 14)
1057 3366 1114 3398 non
1140 3347 1197 3398 siue

121 3441 169 3491 pro
182 3437 247 3476 tres:
262 3438 339 3482 vetus
353 3426 499 3497 scriptura,
516 3438 546 3478 ut
565 3422 637 3496 apud
680 3443 758 3478 causa
770 3425 936 3498 negligentia
949 3426 1080 3481 Caesarem
1094 3426 1196 3495 arguit,

121 3501 260 3569 Plautum,
270 3505 424 3560 Sallustium
437 3518 464 3558 et
478 3505 543 3558 alios
554 3505 638 3576 scrip·
680 3522 760 3576 qttem
774 3524 844 3559 onno
859 3503 1020 3576 praecedenti
1030 3505 1197 3558 consulatum

122 3594 203 3650 tores,
221 3589 299 3639 omnir
315 3603 366 3658 pro
382 3605 475 3648 omnes,
490 3591 568 3656 patris
585 3605 636 3658 pro
680 3596 817 3656 gerentem
835 3585 944 3638 consilia
964 3585 1148 3645 Helvetiorum
1170 3598 1197 3637 et

119 3665 334 3730 parentemn
342 3664 460 3720 tectim
468 3664 636 3738 diphthongo
680 3678 821 3737 apparatus
841 3666 923 3736 latere
950 3685 1005 3719 non
1034 3663 1195 3731 debuerint,

122 3745 160 3804 eis,
166 3763 247 3815 quam
252 3765 303 3817 per
311 3745 500 3817 compendium
505 3747 549 3800 alii
555 3759 637 3800 trans·
680 3746 794 3818 quique,
805 3766 888 3818 quum
901 3766 1004 3802 summa
1016 3757 1132 3817 potestas
1139 3747 1195 3816 jam

123 3822 271 3878 lormarrmt
287 3827 318 3878 in
331 3830 365 3887 is,
382 3827 426 3880 alii
446 3827 475 3878 in
496 3847 528 3879 es.
545 3827 636 3892 Quum
680 3827 705 3880 ei
724 3827 879 3898 proconsuli
898 3829 928 3878 in
943 3827 1030 3882 Gallia
1056 3824 1194 3897 designato

123 3906 256 3958 antemio
279 3906 416 3976 antiquiss.
436 3919 528 3960 nostro
546 3905 637 3960 codice
680 3907 860 3974 tribueretur,
882 3926 963 3960 unam
986 3918 1090 3960 tautum
1114 3907 1196 3978 legio·

122 3987 172 4053 reg.
188 3985 279 4056 5763,
296 3986 364 4040 etin
378 3986 434 4038 aliis
447 3987 638 4042 fereomnibus
679 4006 741 4042 nem
770 3987 799 4043 in
822 3987 961 4059 provincia
986 3998 1106 4039 recenter
1130 3981 1195 4040 sub·

123 4078 272 4118 constanter
286 4065 416 4136 scriptum
435 4067 470 4120 sit
489 4079 547 4128 tres,
554 4067 633 4138 fines,
679 4079 736 4120 acta
756 4067 907 4140 reliquerit,
921 4066 987 4120 dum
1005 4078 1058 4119 tres
1080 4066 1195 4138 integras

123 4160 212 4207 omnes,
224 4157 346 4202 veterem
362 4146 503 4202 lectionem
520 4148 636 4220 ubique,
679 4147 781 4205 circum
793 4146 942 4218 Aquileiam
956 4147 986 4198 in
998 4145 1136 4218 provincia
1149 4166 1196 4218 pa·

123 4223 191 4278 velut
208 4227 244 4278 ab
256 4227 315 4298 ipsa
329 4226 438 4281 Caesaris
451 4246 533 4281 manu
545 4247 635 4285 exara-
679 4228 809 4282 catissima
820 4227 936 4281 hiemare
951 4246 1041 4298 passus
1051 4226 1105 4280 sit:
1120 4225 1193 4297 quod

123 4313 351 4372 tam,revocatam
361 4307 531 4362 servabimus.
550 4341 552 4345 -
680 4309 701 4361 si
717 4309 745 4360 in
761 4327 792 4361 eo
808 4308 894 4362 Cesar
908 4307 1026 4378 peccavit
1034 4345 1043 4373 ,
1056 4306 1194 4358 nihilomi-
