3000 5034
235 449 301 519 nn
327 451 501 520 nunno
528 453 776 524 cituco,
805 456 899 523 ms.
927 457 1017 527 vn.
1096 478 1168 551 297

114 576 160 645 tiis
170 577 212 646 ad
226 582 530 679 Vercingetorigem
542 571 792 679 perferuntur⁶z
806 611 905 681 quern
921 586 1087 684 perterriti
1100 612 1171 657 om·

113 706 165 752 nes
185 687 323 758 Arverni
345 690 592 761 circumsistunt
615 706 714 787 atque
737 693 936 784 obsecrant,
955 710 994 764 ut
1015 696 1081 765 suis
1103 694 1172 764 for·

107 792 194 878 ¹tuuis
209 793 378 884 consulat,
393 822 459 865 neu
474 822 508 867 se
524 797 567 867 ab
580 798 732 869 hostibus
744 799 842 894 diripi
857 802 1021 895 patiatur3
1035 824 1172 896 preser-

113 896 274 991 timquum
289 902 628 991 videat‚·omneadse
647 902 771 975 bellum
792 907 997 977 translatum.
1017 909 1173 998 Quorum

27 1005 28 1016 ’
111 1000 158 1071 ille
177 1008 329 1099 precibus
354 1024 549 1104 permotus,
567 1027 677 1081 castra
702 1038 743 1081 ex
771 1014 973 1109 Biturigibus
999 1028 1113 1085 movet
1137 1014 1173 1083 in

27 1115 28 1206 }
111 1108 269 1183 Arvernos
289 1140 413 1185 versus.

27 1295 28 1310 χ
156 1220 214 1287 ΙΧ.
240 1222 286 1290 At
306 1224 419 1293 Caesar
431 1276 441 1312 ,
454 1222 593 1293 biduum
607 1226 641 1293 in
656 1226 695 1295 iis
711 1223 792 1297 locis
809 1242 979 1321 moratus,
994 1226 1084 1323 quod
1102 1226 1173 1297 haec

27 1361 28 1368 κ
111 1320 147 1390 de
173 1328 443 1429 Vercingetorige
470 1355 534 1399 usu
561 1330 728 1401 venturu¹
758 1333 913 1428 opinione
944 1347 1174 1429 praeceperat,

111 1452 164 1522 per
178 1458 310 1529 causam
331 1435 551 1532 supplementi
566 1439 797 1534 equitatusque
813 1438 954 1535 cogendi
968 1440 1011 1508 ab
1027 1440 1174 1511 exercitu

27 1555 28 1614 Ξ
111 1534 259 1629 discedit3
278 1545 420 1613 Brutum
447 1541 691 1615 adolescentem
709 1546 748 1615 iis
771 1547 873 1641 copiis
901 1544 1061 1641 praeficit3
1083 1546 1175 1632 hunc

27 1653 28 1668 ²
112 1660 238 1735 monet,
251 1662 291 1717 ut
310 1650 345 1717 in
368 1673 483 1719 omnes
503 1665 614 1745 partes
636 1653 762 1745 equites
784 1676 884 1746 quam
898 1650 908 1676 ²
922 1651 1077 1721 latissime
1099 1674 1175 1745 per·

27 1811 28 1814 ,
112 1768 288 1844 vagentur:
305 1755 460 1825 datiuum
476 1782 510 1826 se
526 1782 684 1853 operam,
702 1784 744 1828 ne
763 1758 894 1853 longius
911 1758 1022 1828 triduo
1042 1758 1084 1826 ab
1103 1780 1174 1827 cas·

111 1858 163 1925 tris
176 1860 269 1931 absit
291 1864 352 1932 His
370 1864 557 1933 constitutis
572 1864 693 1953 rebus,
707 1866 773 1935 suis
789 1864 1060 1961 inopinantibus,
1074 1887 1176 1959 quarn

110 1966 252 2036 maximis
275 1982 386 2062 potest
407 1970 775 2059 itineribus,Viennam
803 1972 963 2067 pervenit.
984 1970 1036 2039 Ibi
1058 1983 1177 2040 nactus

109 2088 268 2143 recentem
290 2076 493 2169 equitatum,
511 2101 610 2172 quem
630 2077 742 2147 multis
757 2093 834 2148 ante
853 2077 969 2147 diebus
989 2100 1029 2148 eo
1046 2078 1174 2172 praemi·

111 2194 207 2267 serat,
225 2206 334 2275 neque
355 2182 475 2251 diurno
494 2208 602 2277 neque
631 2198 797 2255 nocturno
809 2244 812 2249 .
826 2184 943 2255 itinere
967 2184 1176 2271 intermisso,

109 2286 259 2377 perfines
279 2288 464 2358 AEduorum
485 2291 520 2357 in
534 2291 703 2384 Lingones
723 2290 915 2377 comendit,
936 2288 994 2357 ubi
1013 2292 1048 2358 II
1071 2288 1176 2382 legion

110 2414 161 2461 nes
177 2393 392 2483 hiemabant;
406 2410 467 2482 ut,
483 2397 509 2463 si
525 2394 605 2489 quid
625 2398 724 2463 etiam
741 2395 783 2463 de
801 2420 859 2464 sua
875 2394 979 2464 salute
999 2395 1041 2462 ab
1062 2393 1177 2463 AEduis

110 2497 240 2569 iniretur
260 2498 406 2589 consilii,
429 2500 597 2570 celeritate
624 2517 854 2595 praecurreret.
871 2503 921 2570 Bo
939 2526 1043 2595 quum
1058 2524 1176 2595 perve-

110 2606 221 2695 nisset,
250 2606 294 2674 ad
321 2605 463 2703 reliquas
497 2607 643 2702 legiones
678 2609 799 2696 mittit,
825 2608 982 2703 priusque
1006 2608 1041 2673 in
1070 2629 1176 2676 unum
1210 2643 1215 2651 ·

110 2708 212 2783 locum
241 2720 360 2783 'omnes
389 2715 504 2809 cogit,
530 2737 631 2809 quarn
662 2708 705 2783 de
737 2714 809 2807 ejus
841 2713 988 2782 adventu
1017 2714 1176 2782 Arvernis

110 2820 249 2890 nuntiari
268 2834 388 2914 posset.
412 2823 484 2889 Hac
504 2844 540 2889 re
561 2822 714 2915 cognitu,
727 2819 981 2915 Vercingetorix
1006 2843 1120 2887 rursus
1142 2820 1177 2887 in

110 2927 267 3021 Bituriges
292 2928 473 2996 exercitum
498 2926 649 3015 reducit3
671 2940 771 3021 aque
797 2926 874 2996 inde
899 2926 1070 3022 profectus
1092 2928 1178 2997 Ger·

110 3036 257 3126 goviam,
275 3034 437 3103 'Boiorum
468 3034 629 3128 oppidum
639 3018 664 3122 ³,
686 3057 769 3128 quos
796 3034 842 3102 ibi
865 3032 1037 3103 Helvetico
1063 3030 1177 3129 praelio

111 3257 167 3315 pote
177 3264 239 3318 quse
251 3247 465 3319 prestantissima
476 3258 504 3301 et
517 3246 622 3318 pericu·
665 3265 709 3298 suu
716 3248 798 3308 uenit,
807 3243 836 3297 id
846 3257 885 3298 est
896 3243 1005 3310 cecidit,
1014 3245 1110 3299 evenit.
1121 3244 1178 3299 Cic.

110 3324 415 3392 losissimafuerit,ideo,
426 3345 482 3381 non
491 3324 573 3378 modo
581 3325 621 3378 rei
664 3344 703 3391 rr,
716 3326 797 3377 Verr.
812 3324 888 3394 Quod
896 3344 941 3393 ego
954 3328 979 3377 in
991 3329 1088 3395 paucis,
1101 3336 1180 3375 tamen

110 3406 229 3461 militaris
249 3407 414 3477 peritorum,
429 3405 476 3459 sed
500 3406 621 3458 omnium
665 3424 709 3457 suu
721 3406 815 3455 venisse
827 3404 957 3455 eomoleste
964 3405 1029 3470 sero.
1044 3402 1120 3457 Idem
1134 3421 1178 3468 iv,

111 3486 395 3558 quorumlibetmagnse
406 3485 494 3539 laudis
506 3504 536 3539 ac
546 3485 622 3537 lamo
664 3482 790 3537 Academ.
803 3483 843 3536 At
854 3502 901 3547 non
911 3483 1019 3535 videmus
1029 3484 1073 3535 lroc
1083 3502 1128 3535 usu
1138 3501 1180 3533 oe·

111 3567 252 3621 amantium
258 3565 476 3620 meditationibus
482 3566 557 3619 omni
564 3583 621 3619 {evo
664 3569 732 3626 nire,
747 3574 777 3615 ut
789 3583 848 3636 quos
863 3582 983 3635 nusquam
1001 3574 1150 3631 putassemus
1163 3582 1180 3613 a

111 3642 262 3718 dgnisrima
275 3645 420 3700 videbitur.
664 3644 732 3697 nobis
740 3646 867 3695 internosci
869 3662 949 3713 posse.
961 3642 996 3694 Et
1004 3641 1067 3695 alibi
1073 3641 1179 3713 passim.
1277 3647 1281 3653 “

147 3731 173 3781 6.
181 3728 248 3779 Hoec
249 3727 452 3793 samacnuntiis
454 3727 619 3797 perferuntur.
707 3744 733 3777 s.
743 3724 832 3793 Quum,
842 3725 923 3775 Recte
930 3741 962 3775 ex
973 3719 1052 3775 codd.
1060 3721 1115 3774 fere
1125 3739 1180 3773 om·

111 3804 174 3879 tot
191 3808 227 3859 B.
248 3807 339 3877 2763,
354 3808 405 3858 luc
412 3808 484 3873 sarna
498 3827 528 3860 ac
543 3809 623 3858 mni
663 3804 752 3857 nibus.
760 3802 994 3875 Lipsiusreposuit
1002 3820 1063 3873 qua,
1075 3812 1102 3853 et
1109 3800 1181 3854 hunc

106 3889 268 3954 perferuntur:
277 3886 382 3939 Vitiose
389 3884 544 3940 admodum.
552 3882 621 3939 cod.
666 3885 750 3938 secuti
765 3896 828 3936 sunt
840 3882 915 3936 editt.
931 3881 1100 3953 posteriores.

113 3964 202 4036 5764,
214 3967 266 4017 ltoec
271 3966 344 4033 sama
357 3986 386 4017 ac
400 3970 478 4018 nuntii
486 3966 619 4037 Μινωὶς
708 3967 734 4018 3.
753 3962 915 4033 Gergoviam,
929 3962 1045 4015 Botorum
1061 3958 1181 4032 oppidum.

111 4063 162 4098 non
171 4045 241 4099 male
254 4059 373 4111 certe,et
384 4047 454 4099 forte
468 4044 621 4117 elegantius.
664 4044 780 4115 Scaliger
789 4062 845 4096 non
860 4043 917 4096 sine
931 4040 1064 4114 probabili
1076 4039 1180 4093 ratione

109 4123 159 4179 Sed
171 4125 244 4179 nihil
258 4125 426 4180 mutandum.
664 4137 817 4195 suspectum
827 4122 921 4175 babuit
929 4121 981 4175 hoc
993 4139 1100 4173 nomen.
1110 4120 1136 4173 N
1137 4140 1180 4175 am

148 4206 272 4260 cmlx.
286 4225 311 4260 1.
327 4207 495 4262 Uruventm.
505 4205 568 4261 Ureu
575 4222 622 4260 sen
665 4205 714 4259 etsi
726 4203 785 4259 fieri
795 4203 899 4276 potuit.
908 4214 939 4258 ut
951 4199 1011 4258 dure
1023 4201 1102 4259 nrbes
1113 4202 1179 4271 ejus·
