3000 5034
273 529 365 600 „DE
392 529 565 598 BELLO
593 529 842 598 GALLICO.
870 530 964 598 LIB.
992 531 1107 599 VIII.
1163 527 1239 618 453

131 723 133 730 .
165 661 237 749 bat,
250 662 293 730 ab
312 685 350 730 ea
367 675 481 756 parte,
499 685 572 756 quae
591 662 661 732 fere
682 661 806 756 pedum
825 664 915 754 CCC
934 663 1110 732 intervallo
1129 664 1239 734 flumi-

165 771 215 837 nis
238 767 571 838 circuitu.vacabat⁹.

218 878 308 945 XLI.
329 879 403 944 Hoc
419 876 510 946 fonte
527 877 696 970 prohiberi
711 899 808 970 posse
823 876 1010 971 oppidanos
1024 900 1129 972 quum
1145 893 1239 973 opta·

166 997 241 1050 rent
258 982 392 1076 reliqui,
411 985 632 1054 Caesarunus
653 981 819 1070 videret¹;
840 1008 859 1052 e
877 985 1012 1078 regione
1034 985 1105 1077 ejus
1125 987 1240 1054 vineas

166 1113 264 1182 agere
289 1089 448 1159 adversus
478 1088 661 1179 montem²,
686 1105 720 1160 ct
745 1113 883 1184 aggeres
909 1076 1093 1160 instruere³
1116 1093 1240 1186 coepit,

165 1219 287 1289 magno
317 1220 395 1266 cmn
428 1195 541 1266 labore
570 1212 604 1266 et
625 1198 785 1267 continua
815 1198 1037 1267 dimicatione.
1071 1197 1241 1293 Oppidani

164 1304 277 1389 eninr,
298 1301 374 1371 loco
396 1306 567 1398 superiore
588 1304 825 1392 decurrentes,
847 1306 976 1373 eminus
999 1307 1069 1374 sine
1114 1303 1241 1373 ericulo

165 1397 432 1502 prssaeliabanturi,
447 1409 634 1506 multosque
652 1412 866 1506 pertinaciter
877 1408 1092 1481 succedentes
1124 1408 1241 1479 vulne·

165 1619 681 1674 Prestmtemhmoleorionemrevocavt
725 1618 810 1673 danos
825 1638 880 1672 non
893 1637 970 1691 posse
982 1620 1242 1673 areeriEtcnreuc·

166 1718 198 1753 ex
217 1697 276 1754 cod.
291 1713 384 1754 nostro
399 1700 442 1752 Rs
451 1699 544 1770 5763,
563 1719 681 1773 quocum
725 1713 770 1752 tor
782 1718 837 1753 non
847 1698 932 1753 diciti
943 1701 1039 1752 Manca
1053 1713 1093 1752 est
1101 1700 1151 1752 ista
1161 1700 1241 1771 pbri·

166 1779 337 1833 consentiunt
347 1780 454 1832 Norvic.
466 1781 556 1833 Brant.
567 1779 681 1835 codd.et
724 1780 775 1846 sis,
789 1781 835 1833 cui
855 1779 1015 1833 medicinam
1031 1780 1128 1832 efferre
1143 1781 1241 1832 frustra

167 1861 244 1914 Voss.
257 1879 298 1932 pr.
310 1857 444 1930 Egmund.
456 1861 557 1914 lovan.
567 1873 594 1913 et
604 1861 682 1932 quin-
724 1873 856 1913 conentur
867 1860 954 1913 critici
972 1858 1114 1925 addentes,
1130 1879 1178 1912 non
1190 1862 1242 1911 sine

167 1959 219 2011 que
232 1941 285 1994 alii.
302 1941 425 1992 Davisius
438 1956 496 1992 eam
511 1941 586 2012 prius
601 1941 681 1994 obtu·
725 1959 814 2010 magno
827 1941 949 2012 periculo,
964 1951 990 1994 et
1011 1941 1241 2011 interpretantes,

166 2021 250 2074 leret:
260 2018 372 2074 sednon
385 2021 545 2092 probaverat
557 2040 614 2074 esse
628 2023 682 2074 sin·
726 2022 808 2090 Quies
823 2021 910 2093 reliqui
921 2033 1033 2092 optem
1045 2020 1160 2092 oppidem
1170 2039 1241 2090 posse
1270 2055 1273 2059 -

166 2117 254 2154 ceram
274 2099 358 2154 solam
373 2113 401 2154 et
414 2119 473 2152 eam
487 2117 546 2172 ques
564 2099 680 2154 difficu-
719 2102 846 2172 prohiberi
864 2103 909 2152 lroe
924 2102 1010 2168 sonu,-
1026 2114 1053 2153 et
1075 2099 1162 2152 Cesar
1180 2119 1241 2152 unus

166 2191 247 2233 tatem
260 2180 366 2233 tolleret
377 2199 493 2234 omnem.
506 2181 592 2234 Porro
604 2182 641 2234 sic
653 2201 681 2234 se
725 2181 827 2243 rideret,
836 2179 866 2234 id
874 2180 934 2234 fieri
942 2200 998 2234 non
1006 2198 1084 2251 posse
1092 2182 1143 2232 sine
1153 2198 1242 2250 magno

167 2260 681 2332 hebetlect.vulg.:Qriorumomnispostea
720 2263 875 2330 perintime
893 2265 990 2331 regione
1007 2264 1058 2331 ejus
1076 2263 1177 2321 bimas,
1194 2273 1240 2315 etc.

167 2341 295 2394 mrdtimdo
302 2339 532 2414 aquatuminioem
544 2359 682 2392 manicon·
724 2341 761 2392 Ar
774 2341 832 2393 brec
847 2342 928 2393 verba
943 2344 994 2391 sine
1009 2360 1099 2410 magrro
1116 2341 1242 2410 periculo,

168 2421 280 2476 enabat.
295 2421 532 2494 Atqueh.i.caput
544 2427 581 2483 40
595 2421 682 2472 occlu-
723 2420 777 2489 jem
798 2433 839 2473 ter
861 2420 973 2490 repetita
989 2421 1017 2471 in
1038 2417 1133 2472 eodem
1155 2422 1242 2491 capite

167 2499 215 2554 dit
232 2499 285 2554 Sed
305 2519 360 2572 qno
379 2501 408 2554 in
426 2501 487 2554 loco
507 2500 683 2553 conveniebat
724 2498 891 2553 nullomodo
900 2499 1241 2570 ferripossunt3qrmprop·

167 2580 329 2634 multitudo?
342 2581 420 2634 Dicet
429 2581 681 2653 vulgatalectimca·
725 2577 1241 2649 terillavelutisnperduarejeci,codd.

166 2663 222 2732 pite
234 2662 350 2732 seq.‚his
360 2662 448 2713 verbis
459 2679 465 2713 :
476 2661 527 2715 Sub
536 2663 681 2732 iprumenim
725 2660 810 2724 meis,
832 2671 859 2711 et
875 2659 972 2712 Vossio
991 2658 1218 2712 consentientibus
1233 2693 1242 2721 ,

167 2743 344 2813 oppidimurum
349 2759 449 2812 megrim
447 2743 507 2810 sons
512 2761 588 2813 aquo.
594 2742 682 2806 Quam
725 2740 879 2811 caeterisque
892 2739 940 2792 sei·
947 2739 1046 2791 criticas
1055 2737 1222 2810 peritissimis
1233 2756 1243 2804 ;

168 2822 257 2876 hiulca
263 2823 298 2876 sit
304 2822 353 2875 ista
360 2823 463 2894 phrasis
471 2822 621 2892 intelligens
628 2823 682 2875 lec·
727 2832 754 2871 et
766 2820 936 2892 explicationi
949 2817 1017 2872 datae
1033 2817 1165 2872 adbereo.

168 2916 211 2957 tor
218 2902 321 2956 sentiet.
329 2902 399 2954 Mihi
407 2914 495 2954 autem
502 2900 683 2956 videturmul·
768 2919 796 2955 a.
810 2900 933 2954 Adversus
947 2912 1057 2955 monum.
1072 2899 1144 2964 Atii,
1158 2909 1244 2956 contra

168 2994 196 3035 to
215 2983 418 3036 convenientius
435 2981 525 3034 locum
538 2982 627 3036 statim
641 2983 683 3035 in·
727 2993 837 3034 montera.
852 2979 949 3034 victl.
963 2998 1019 3044 vu,
1035 2998 1059 3032 c.
1075 2983 1122 3033 62.

169 3063 323 3128 nuere,ubi
333 3059 489 3125 multitudo,
495 3061 685 3132 repuisaaflu·
770 3061 795 3113 3.
811 3060 929 3130 Aggeres
945 3064 1067 3112 instrroere.
1086 3059 1128 3111 At.
1144 3070 1243 3114 stnoere.

169 3142 685 3213 mineponveniretaquatquuaprop-
726 3136 857 3193 idemest.
867 3142 908 3192 De
918 3144 996 3192 eineis
1004 3143 1059 3212 jam
1067 3139 1152 3192 fusius
1160 3139 1245 3192 locuti

169 3235 210 3276 ter
224 3223 381 3285 inmonitate
396 3233 436 3276 tot
448 3220 527 3274 codd.
543 3233 570 3275 et
583 3221 684 3274 Davisii
727 3237 831 3284 sumus,
844 3221 863 3272 l.
876 3237 915 3281 11,
934 3221 1110 3286 12,30,111,
1125 3237 1172 3283 αι,
1184 3236 1244 3284 vn,

169 3301 685 3374 indubitanterrepoauilectionemnos·
730 3299 1246 3370 273etdeuggen'bm,quumterraeges·

169 3395 244 3436 tram
728 3391 755 3432 ta
762 3381 883 3450 egeritur
894 3392 922 3433 et
932 3377 1246 3441 accumulatur‚utinea

211 3483 237 3532 9.
256 3463 320 3532 Quoe
327 3464 439 3534 fluminis
454 3465 554 3514 circrdtu
568 3461 683 3514 euadat.
727 3472 864 3530 ponantur
874 3458 1245 3530 promoveanturquemschi-

169 3544 232 3596 Pers
251 3543 327 3597 vallis
345 3561 442 3604 vacua,
457 3561 504 3595 seu
525 3559 581 3594 non
596 3553 683 3606 tecta,
728 3559 770 3593 nas
784 3538 1025 3612 oppugnandarum
1041 3537 1159 3594 urbium.
1173 3536 1245 3591 Vide

170 3642 224 3675 non
238 3620 354 3676 obducta
367 3635 423 3674 erat
436 3621 560 3688 flumine,
570 3621 684 3676 circnm-
728 3621 746 3672 l.
758 3638 816 3685 m,
825 3617 860 3672 od
869 3618 1037 3672 obsidionem
1047 3617 1163 3672 Avarici.

170 3715 249 3756 eunte
264 3701 472 3774 iereoppidum.
484 3702 522 3754 M.
766 3706 798 3762 -4,
812 3699 996 3752 Proeiiabantur
996 3739 1060 3752 .....
1073 3697 1244 3752 nuberabarrt.

210 3785 275 3838 Cir.
291 3783 363 3835 XLI.
383 3801 408 3837 1.
427 3783 509 3850 Quum
523 3793 636 3852 optarent
650 3801 686 3834 re·
730 3778 817 3836 codd.
829 3780 954 3833 nonnulli
964 3792 1070 3851 tempus
1077 3794 1193 3850 praesens
1203 3797 1246 3831 re·

170 3864 238 3935 liqui,
247 3863 399 3917 Caesarianus
409 3863 510 3915 uideret.
519 3863 595 3917 Hauc
602 3874 685 3916 totam
729 3861 834 3933 cipiunt
845 3860 1041 3930 praeliarem...
1053 3859 1198 3921 rubeant,
1217 3872 1248 3911 ut

170 3944 290 4013 phrasim
300 3961 343 3994 me
357 3943 465 4012 penitus
476 3961 532 3994 non
545 3942 686 4014 eaperefa-
729 3941 800 3996 inira
819 3941 969 3992 deterrentur
988 3958 1040 4011 pro
1064 3939 1246 3992 detemrerrtur.

171 4035 237 4078 teor.
256 4021 330 4088 Quid
345 4021 475 4093 significat
496 4039 580 4092 quum
602 4025 687 4095 reliqui
732 4020 805 4075 Vide
820 4021 891 4073 infra
903 4032 996 4072 notam
1012 4023 1040 4074 6.

171 4115 284 4173 optarent
290 4122 360 4173 posse
372 4102 504 4173 oppidanos
510 4103 686 4172 probiberilaoe
773 4101 798 4153 5.
815 4101 979 4154 Succedentes.
1002 4097 1179 4163 decedentes,
1202 4117 1248 4152 ve·

166 4184 249 4249 sonte,
267 4182 545 4236 Cesaramrseident?
556 4180 686 4253 Quidigi·
729 4182 833 4234 aientes
848 4182 915 4233 alter
928 4192 989 4250 post
1004 4180 1127 4253 alterum.
1143 4180 1249 4235 Dicitur
1326 4243 1331 4254 ι

171 4275 215 4316 tur
222 4264 311 4318 Cesar
320 4281 390 4317 uuus
397 4261 596 4318 riditissrilicet
607 4263 686 4333 oppi·
730 4279 838 4332 quoque
848 4259 883 4314 de
896 4260 1040 4326 militibus,
1053 4259 1183 4313 swedirnt
1190 4279 1251 4330 por·

1001 4391 1050 4462 29
