3000 5034
283 464 354 531 DE
380 464 555 533 BELLO
583 464 830 537 GALLICO.
859 470 957 540 LIB.
985 474 1074 545 VII.
1153 476 1228 555 385

151 614 270 690 aggere
291 594 447 689 explent,
462 620 562 691 seque
581 597 626 667 ad
647 602 858 695 eruptionem
876 616 976 699 atque
997 632 1113 679 ornnes
1129 606 1227 699 cesus
1327 630 1332 639 “

149 715 356 795 comparant

201 811 343 877 LXXX.
373 810 510 897 Caesar,
535 814 627 879 omni
650 816 797 883 exercitu
826 814 869 885 ad
895 830 1071 915 utramque
1097 840 1228 918 partem

149 916 372 983 munitionum
393 914 575 1010 disposito,
593 933 648 1007 ut,
673 921 700 988 si
716 945 797 990 usus
819 922 950 1012 veniat,
968 950 1065 997 suum
1088 934 1227 1028 quisque
1247 1006 1249 1009 ,

148 1021 259 1091 locum
280 1035 392 1089 teneat
416 1037 450 1090 et
471 1026 624 1112 noverit,
645 1027 829 1120 equitatum
852 1054 893 1097 ex
915 1035 1030 1103 castris
1046 1035 1169 1126 educi,
1192 1056 1227 1111 et

148 1127 298 1224 praelium
331 1130 492 1197 committi
509 1130 614 1223 jubet.
641 1134 724 1201 Erat
749 1158 791 1202 ex
816 1136 971 1207 omnibus
994 1143 1132 1233 castris,
1153 1172 1226 1241 quse

149 1258 316 1304 summum
333 1234 479 1329 undique
493 1236 611 1332 juguni
630 1239 808 1329 tenebant,
826 1241 1001 1337 despectus
1016 1273 1026 1335 3
1043 1262 1142 1345 atque
1154 1278 1226 1323 orn·

148 1345 241 1409 nium
260 1339 401 1408 militum
424 1343 541 1411 intenti
563 1344 682 1412 animi¹
705 1360 827 1441 pugnes
849 1353 1067 1442 proventum²
1090 1380 1226 1453 exspec·

56 1502 60 1512 ,
148 1448 274 1516 tabant.
294 1447 382 1516 Galli
403 1450 490 1517 inter
504 1452 630 1544 equites
650 1476 744 1521 raros
766 1443 973 1547 sagittarios³
989 1461 1226 1559 expeditosque

147 1554 228 1623 levis
250 1568 426 1623 armatura
445 1556 700 1649 interjecerant,
722 1561 780 1653 qui
801 1563 868 1629 suis
889 1562 1083 1635 cedentibus
1105 1571 1227 1642 auxilio
1254 1588 1256 1591 ’

149 1676 401 1748 succurrerent,
417 1676 452 1729 et
470 1678 662 1731 nostrorum
683 1667 833 1758 equiturn
852 1669 996 1763 impetus
1016 1675 1224 1749 sustinerent.

149 1769 201 1837 Ab
222 1769 275 1837 his
296 1766 486 1861 complures
507 1768 549 1837 de
571 1771 753 1866 improviso
774 1771 966 1864 vulnerati,
988 1778 1101 1871 praelio
1131 1806 1226 1855 exce·

149 1874 281 1943 debant.
305 1876 421 1964 Quum
435 1900 512 1944 suos
525 1901 647 1971 pugnae
665 1868 874 1972 superiores⁴
889 1906 961 1951 esse
976 1884 1064 1954 Galli
1079 1890 1226 1960 confide·

150 1997 243 2067 rent,
262 1996 295 2049 et
313 1995 445 2050 nostros
462 1986 569 2076 premi
586 1983 798 2054 multitudine
818 1986 970 2057 viderent
984 2016 994 2075 3
1013 2016 1055 2059 ex
1068 1998 1227 2069 ‘omnibus

150 2089 301 2183 partibus
318 2102 354 2157 et
368 2090 412 2175 ii,
430 2090 488 2181 qui
505 2092 743 2161 munitionibus
765 2095 1040 2186 continebantur,
1056 2114 1089 2168 et
1110 2103 1152 2192 ii,
1170 2107 1227 2198 qni

151 2195 192 2263 ad
209 2193 368 2263 auxilium
386 2210 629 2287 convenerant,
644 2197 794 2270 clamore
805 2214 839 2270 et
853 2200 983 2272 ululatu
1003 2229 1140 2277 suorum
1157 2213 1225 2281 ani·

117 2451 119 2456 .
150 2400 183 2455 iis
193 2402 240 2474 qui
250 2402 347 2455 fossam
359 2401 478 2475 priorem
491 2420 526 2454 xx
539 2398 601 2472 ped
618 2402 665 2456 lat.
709 2403 1071 2477 alforteinaliquooonflictu
1082 2411 1115 2465 ab
1124 2414 1227 2485 equita·

147 2480 185 2552 ad
202 2482 355 2535 distantiam
374 2500 410 2535 cn
431 2500 499 2553 pass.
518 2496 664 2535 removent.
710 2496 741 2535 tu
763 2502 812 2536 suo
829 2484 976 2551 deseritur,
995 2504 1113 2559 oportet,
1135 2506 1165 2545 ut
1192 2496 1227 2549 sit

147 2558 185 2614 'Xt
200 2562 261 2615 vide
273 2582 296 2615 c.
313 2568 367 2631 74,
383 2573 440 2615 not.
458 2566 485 2615 6.
709 2564 844 2617 confertus
855 2582 904 2635 per
913 2565 1056 2637 phalanges
1068 2564 1078 2631 (
1081 2590 1129 2639 par
1137 2573 1226 2625 batail.

190 2644 255 2696 Cir.
266 2642 378 2695 LXXX.
397 2660 421 2695 t.
435 2642 548 2694 Οηιωὶιιη
564 2643 666 2695 mi'ls'tum
710 2643 763 2694 lons
776 2640 888 2709 cor-res),
903 2644 1047 2699 intervallis
1071 2647 1226 2721 distinctas,

151 2724 234 2775 intenti
245 2726 328 2775 ανιίιιιί.
339 2722 492 2793 Elegantius
505 2718 568 2773 sane
582 2741 665 2774 mem·
709 2735 736 2775 et
748 2724 811 2777 satis
825 2723 962 2790 distantes,
971 2738 1001 2777 ut
1010 2726 1144 2798 equitatus
1156 2732 1226 2786 libe-

150 2803 239 2855 branse
248 2802 564 2873 vetustiores,interquas
575 2816 666 2855 nester
708 2803 766 2855 rior
785 2792 834 2871 sit}
855 2816 882 2857 at
903 2806 964 2858 satis
982 2808 1160 2881 propinquas,
1176 2826 1226 2880 nt,

86 2896 94 2904 ·
150 2881 209 2935 cod.
219 2902 274 2954 reg.
285 2882 666 2953 5763‚habent,omaesmtlites
709 2884 781 2937 ricto
797 2885 917 2955 equitatu
932 2897 959 2939 et
977 2904 1005 2939 se
1020 2907 1091 2958 pone
1106 2892 1226 2963 recipere

151 2967 243 3017 sistenti.
709 2976 817 3029 coacto,
831 2966 957 3037 conjungi
971 2967 1047 3021 facile
1066 2982 1144 3041 atque
1160 2992 1225 3026 con·

193 3064 217 3097 s.
230 3044 384 3095 Prorentron.
395 3044 476 3094 Recte
485 3060 518 3094 ex
528 3040 608 3095 redd.
619 3062 667 3115 op·
709 3044 799 3096 sertim
805 3056 874 3098 stare
880 3059 959 3117 queat
966 3044 1091 3102 adversus
1096 3050 1226 3109 rictorem

151 3124 222 3176 timis
235 3121 662 3190 Oberlirtosrestituitpmre'utum‚
709 3123 827 3177 hostiurn
852 3126 1015 3196 equitatum
1033 3129 1122 3196 aliter,
1141 3134 1229 3203 pulsis

150 3216 177 3255 et
189 3204 253 3259 huic
267 3201 463 3274 adstipulantur
476 3199 556 3255 codd.
571 3204 664 3255 nostri.
709 3203 861 3273 equitibus,
879 3205 970 3259 miseri
989 3207 1092 3277 pedites
1112 3210 1176 3265 hinc
1198 3227 1226 3267 et

150 3284 204 3336 Atii
231 3283 330 3335 babent
354 3295 478 3343 erearum,
503 3280 576 3352 quod
599 3282 666 3352 glos-
709 3282 774 3335 inde
788 3284 857 3349 rari,
879 3284 955 3337 iaoile
974 3286 1157 3356 trucidantur,
1179 3305 1225 3346 eut

151 3382 206 3416 sem
218 3361 341 3415 redolere
355 3363 506 3416 existimant
520 3361 666 3415 critici.Sio
709 3380 841 3432 equorum
874 3362 988 3434 pedibus
1025 3370 1223 3437 proculcantur.

151 3461 244 3515 snpra,
254 3444 272 3495 l.
286 3461 344 3510 vn,
358 3462 381 3497 e.
398 3462 450 3511 29,
466 3441 579 3493 secandos
588 3456 666 3493 rerum
710 3440 791 3507 Quod
805 3442 891 3514 reipsa
903 3443 955 3495 hoc
967 3443 1027 3496 loco
1039 3449 1135 3501 evenit.
1149 3446 1222 3512 (Au.

146 3534 275 3595 proventus
285 3535 426 3594 exspectent.
472 3555 474 3560 ·
504 3539 508 3543 “
704 3522 836 3591 jourd'lut
856 3530 928 3577 meme
948 3540 981 3573 un
996 3523 1114 3578 boteilles
1139 3535 1221 3594 carrd,

193 3605 220 3657 3.
229 3604 307 3655 Baros
319 3607 467 3674 sagittarios.
484 3602 519 3654 Et
530 3603 599 3654 lmnc
614 3599 667 3653 dis·
709 3603 736 3653 la
749 3602 884 3655 baionnette
893 3620 923 3653 en
932 3614 1018 3666 arant,
1032 3624 1062 3657 ne
1070 3611 1225 3679 croirepoint

151 3684 311 3755 positionem
318 3681 667 3754 jureaomeritoreprehen·
709 3700 743 3734 aa
753 3682 868 3734 escadmn
878 3681 908 3734 de
917 3684 1044 3746 cerebris,
1062 3691 1122 3739 mors
1131 3688 1222 3759 despe-

152 3762 192 3815 dit
205 3764 299 3833 Turpia
313 3762 343 3814 de
358 3762 451 3825 Crisse,
470 3775 489 3816 t.
503 3778 540 3828 n,
555 3782 583 3833 p.
599 3762 665 3827 145,
709 3763 787 3815 lotons
794 3774 849 3814 sont
855 3762 1064 3834 bientdtdbperseb
1071 3778 1095 3816 et
1103 3766 1224 3833 merciis.)

151 3862 232 3915 qiam
247 3843 314 3896 dicit
330 3844 398 3896 male
413 3861 517 3914 semper
532 3860 666 3895 cessuram
750 3848 777 3905 4.
789 3843 885 3913 Pugnae
894 3846 1033 3913 superiores.
1044 3846 1116 3899 Bene
1121 3866 1220 3917 pugnae,

151 3924 279 3977 exercitui
292 3924 416 3988 cuilibet,
430 3923 473 3974 vel
486 3921 557 3993 apud
572 3941 665 3975 omnes
709 3941 741 3974 ex
757 3921 857 3975 Audin.
874 3936 901 3978 et
922 3921 997 3976 Leid.
1014 3936 1040 3976 et
1054 3938 1146 3979 nostro
1162 3928 1221 3982 eod.

150 4004 273 4075 populos,
279 4003 467 4075 quodcumque
478 3997 512 4055 sit
526 4021 609 4073 genus
622 4022 664 4055 ar·
708 4020 763 4072 reg.
785 4003 870 4073 5764.
883 4001 953 4056 Nam
971 4016 1043 4056 reete
1056 4004 1155 4059 dicitur
1168 4028 1223 4061 acer

151 4102 267 4136 morum.
281 4084 320 4135 Ut
328 4084 401 4135 enim
413 4083 541 4153 equitatui
557 4100 664 4135 succur-
709 4085 797 4143 animi,
807 4086 883 4137 animi
897 4083 1125 4155 vienu,di'scipllnce
1134 4087 1222 4145 clano.

150 4182 209 4216 rere
221 4165 306 4235 possit
317 4162 465 4234 peditatus,
476 4174 503 4215 et
513 4164 570 4233 ipse
582 4180 609 4214 se
622 4159 667 4215 ad-
710 4162 763 4213 Alii
774 4161 873 4215 habent
879 4183 966 4235 pugna
979 4168 1117 4235 superiores.
1133 4166 1224 4222 Minus

150 4262 242 4298 versus
262 4244 372 4299 hostiles
385 4255 486 4298 turmas
505 4241 666 4309 defendere,
710 4242 849 4314 eleganter.

204 4330 236 4395 I.
994 4322 1041 4395 αδ
