3000 5034
316 458 367 544 64
471 460 509 527 C.
538 458 682 527 tUL11
711 455 947 524 CAESARIS
974 455 1249 528 COMMENT.

370 594 444 661 LII.
476 594 589 667 Caesar
619 588 756 683 singulis
789 586 974 683 legionibus
1004 587 1151 682 singulos
1183 591 1327 683 Logatos
1357 603 1391 657 et

254 728 256 733 ·
313 700 523 787 Quaestorem
541 695 722 792 praelecit¹,
739 697 789 764 uti
806 720 864 763 eos
885 710 984 764 testes
1006 720 1074 764 suae
1100 696 1237 789 quisque
1258 696 1391 763 virtutis

311 805 459 874 haberet.
481 809 559 899 Ipse
581 803 736 874 adextro
754 827 881 890 cornu,
899 802 989 896 quod
1010 826 1083 869 eam
1103 817 1233 896 partem
1254 804 1390 869 minime

311 908 464 981 firmam²
481 912 629 982 hostium
649 934 722 980 esse
742 910 892 978 animum
910 908 1118 997 adverterat,
1133 907 1284 1003 praelium
1302 933 1391 977 com·

311 1021 408 1095 misit.
437 1021 490 1087 Ita
520 1020 625 1087 nostri
647 1018 767 1086 aeriter
787 1018 822 1087 in
848 1016 981 1103 hostes,
997 1016 1092 1109 signo
1113 1014 1213 1102 dato,
1227 1016 1390 1109 impetum

310 1126 463 1195 lecerunt
478 1151 485 1193 :
502 1127 612 1220 itaque
623 1124 735 1194 hostes
749 1136 887 1217 repente
900 1120 1116 1215 celeriterque
1128 1136 1389 1216 procurrerunt,

311 1248 349 1301 ut
370 1258 384 1301 s
410 1234 513 1301 atium
535 1230 601 1326 pila
620 1232 655 1299 in
666 1231 779 1300 hostes
791 1228 989 1322 conjiciendi
1001 1252 1071 1302 non
1084 1228 1229 1297 daretur.
1244 1227 1389 1320 Rejectis

310 1336 384 1433 pilis
408 1342 586 1427 ,cominus
613 1336 729 1431 gladiis
758 1351 944 1430 pugnatum
969 1349 1021 1403 est
1041 1360 1049 1409 ;
1074 1349 1109 1403 at
1127 1336 1308 1422 Germani,
1334 1358 1388 1403 ee·

310 1444 421 1515 leriter
443 1470 484 1514 ex
505 1443 745 1515 consuetudine
766 1467 827 1511 sua
844 1440 1010 1536 phalange
1026 1428 1148 1528 factal,
1159 1443 1303 1535 impetus
1319 1439 1388 1534 gla-

710 1599 722 1627 l

350 1657 416 1711 Cir.
428 1655 487 1708 LII.
502 1673 526 1707 ι.
541 1653 625 1707 Ccesar
639 1654 742 1723 singulis
753 1653 828 1721 legio·
871 1662 942 1702 tores
958 1650 986 1708 in
1011 1649 1144 1713 exercitu,
1160 1662 1187 1706 et
1208 1649 1319 1721 quidem
1341 1652 1389 1703 mi·

310 1736 380 1787 nibus
395 1736 501 1805 singulos
517 1736 622 1803 Legatos
635 1733 826 1800 etQuoestorem
870 1747 967 1794 nores;
983 1741 1062 1800 atque
1078 1730 1167 1781 forsan
1183 1730 1331 1801 unicuique
1352 1732 1387 1781 le·

229 1868 231 1871 ,
303 1817 425 1885 prefecit.
443 1808 560 1866 Videtur
576 1831 608 1865 ex
626 1811 755 1863 hocloco
770 1810 826 1862 col·
869 1809 944 1879 gioni
968 1829 1031 1864 snus
1055 1822 1112 1861 erat
1132 1810 1269 1874 Quaestor,
1286 1811 1334 1881 qni
1353 1808 1387 1861 de

308 1894 356 1965 ligi
377 1912 454 1965 posse
469 1894 560 1964 plures
579 1903 723 1962 quartones
739 1891 825 1943 Caesa·
868 1889 998 1960 pecunia,
1014 1888 1048 1941 de
1061 1888 1196 1961 stipendio
1211 1902 1239 1941 et
1253 1905 1387 1943 commer-

308 1991 367 2025 rem
382 1972 512 2026 habuisse.
529 1972 567 2023 Ut
581 1990 674 2023 rursus
685 1972 703 2023 l.
714 1987 746 2028 v:
761 1971 827 2021 Inte·
869 1968 942 2022 tibus
956 1969 1128 2044 peculiariter
1140 1987 1242 2041 ,curam
1265 1970 1385 2025 haberet.

308 2052 826 2123 rim,inquit,abomnrluslegatisqucesto·
869 2047 956 2100 Simili
972 2050 1027 2101 fere
1043 2067 1155 2101 munere
1170 2046 1242 2121 apud
1258 2069 1308 2102 nos
1324 2050 1386 2102 fun·

306 2130 429 2204 ridesque,
439 2131 523 2204 quibus
532 2132 636 2200 legiones
649 2130 822 2192 transdiderat,
867 2141 969 2199 guntur
995 2130 1015 2182 ii
1043 2130 1091 2201 qui
1110 2127 1238 2183 dicuntur
1256 2129 1385 2200 Quartier·

308 2208 395 2263 certior
395 2212 480 2277 sactus
485 2225 528 2264 est.
537 2210 589 2263 Sed
596 2208 737 2282 legendum
746 2229 824 2282 ques·
868 2213 973 2262 rnaitres.
985 2208 1038 2261 Sed
1050 2228 1123 2262 mera
1133 2207 1162 2261 id
1173 2211 1334 2280 conjectura.

209 2308 211 2313 ·
309 2303 416 2363 temque,
430 2304 460 2344 ut
471 2292 509 2345 ihi
520 2304 726 2362 noto;etqunm
733 2290 825 2362 plures
910 2308 937 2342 n.
957 2290 1058 2342 Minime
1066 2288 1174 2359 firmam
1192 2290 1302 2342 Vossius
1320 2310 1385 2361 pro·

307 2384 395 2424 essent
416 2372 555 2445 legiones,
564 2390 645 2443 quam
662 2372 759 2442 legati,
775 2372 824 2423 nni
867 2369 946 2437 ponit
961 2374 1063 2421 manime
1071 2369 1187 2439 firman,
1197 2368 1274 2439 quia,
1283 2382 1315 2422 nt
1327 2371 1386 2442 ipse

307 2469 402 2503 eornm
424 2466 582 2525 quaestorem
604 2452 731 2524 praefecit.
755 2451 824 2503 Item
868 2448 922 2513 ait,
942 2468 998 2501 non
1017 2450 1160 2503 verisimile
1175 2448 1282 2508 videtur
1297 2451 1385 2503 Caesa·

305 2530 823 2607 liv:Quidquidprnterealongarumne·
866 2546 924 2586 rem
947 2529 1037 2600 glorier
1057 2529 1259 2600 cupidissimum
1279 2543 1385 2600 partem

310 2615 371 2665 rium
386 2613 502 2674 lubebat,
520 2615 644 2685 questori,
660 2614 746 2681 legatis
756 2631 822 2681 prae·
867 2608 1020 2666 facillimam
1042 2611 1094 2662 sibi
1114 2610 1262 2681 sumpsisse.
1283 2611 1384 2681 Perpe-
1409 2654 1417 2672 ,

301 2693 421 2765 fictisque
437 2693 568 2745 distribuit.
584 2694 674 2757 Quum
690 2703 778 2743 tamen
794 2692 823 2743 in
865 2707 924 2740 ram
941 2690 998 2746 haec
1018 2692 1108 2741 omnia
1123 2708 1130 2742 :
1146 2709 1203 2742 non
1221 2702 1276 2742 tam
1295 2692 1384 2755 enim,

306 2772 422 2842 singulas
436 2773 587 2843 provincias
603 2772 721 2842 singulos
736 2789 822 2841 qums,
865 2781 937 2821 reete
946 2770 1034 2840 inquit
1044 2768 1226 2836 Clarkius,de
1236 2770 1383 2841 glorialr.l.

307 2862 377 2909 tores
390 2852 461 2904 mitti
469 2870 526 2903 mos
533 2850 686 2921 fuerit‚qni
694 2852 823 2903 curabant
865 2849 1061 2920 agitur,„quam
1077 2848 1111 2903 de
1125 2849 1207 2902 modo
1221 2850 1311 2903 hostes
1322 2852 1384 2904 vin-

306 2931 442 3001 publicam
470 2931 611 3002 pecuniam
635 2943 662 2983 et
686 2928 822 3002 predam,
865 2928 952 2981 cendi.
962 2930 1047 2981 Porro
1059 2930 1119 2999 quis
1129 2928 1310 3000 dubitatquin
1323 2931 1384 2985 hos·

305 3009 523 3083 stipendiumque
532 3010 661 3063 exercitui
668 3011 821 3075 solvebant,
865 3020 904 3061 tes
916 3009 970 3061 sint
982 3003 1153 3080 aggrediendi
1166 3029 1219 3080 qua
1230 3023 1306 3081 parte
1321 3025 1384 3064 sunt

305 3107 355 3141 nec
371 3090 404 3143 ab
419 3090 477 3162 ipso
491 3092 650 3161 imperatore
663 3102 821 3162 potestatem
864 3088 975 3141 minime
982 3090 1222 3142 firmil-Dextro
1231 3110 1313 3143 cornu.
1323 3091 1382 3145 Hoc

306 3167 453 3242 delegatam
466 3170 614 3234 habebant,
624 3183 654 3222 ut
667 3171 761 3241 legati,
774 3169 821 3223 sed
863 3168 940 3235 loco,
958 3170 1044 3240 agitur
1064 3169 1098 3223 de
1117 3168 1211 3223 dextro
1226 3189 1311 3224 cornu
1327 3173 1382 3224 Ro·

305 3267 321 3305 a
341 3250 494 3322 republica;
512 3250 719 3322 imperatorique
745 3264 821 3303 erant
863 3268 1015 3307 manorum,

305 3329 424 3384 liliorum
437 3331 505 3383 loco.
517 3331 611 3384 Cicero
625 3332 819 3387 oratinVerr.
915 3332 941 3383 3.
963 3332 1067 3403 Rejectis
1090 3332 1157 3402 pilis.
1186 3322 1379 3403 Ᾰποῤῥίψαντες.

307 3410 342 3465 3:
362 3413 386 3465 T
384 3432 414 3472 u,
430 3431 502 3483 quum
521 3424 626 3483 quoestor
640 3411 676 3461 ad
692 3415 820 3463 eser-citum
863 3411 998 3482 Anonym.
1014 3412 1085 3466 Celsi
1095 3411 1241 3481 exscriptor
1251 3417 1381 3483 :projectis

305 3493 389 3551 missus
404 3495 437 3543 sis
441 3531 449 3554 ,
468 3503 545 3543 eustos
556 3492 687 3543 nonsolum
693 3495 817 3562 pecunie,
863 3494 940 3560 igitur
954 3492 1095 3556 missilibus,
1107 3511 1143 3541 res
1157 3491 1248 3559 gladiis
1263 3505 1321 3543 aeta
1335 3504 1379 3547 est.

304 3570 349 3623 sed
364 3576 436 3622 etiam
453 3572 566 3633 consulis,
579 3574 701 3642 particeps
716 3574 819 3623 omnium
862 3570 1288 3641 Di0.xxxv111,49:1tatstsop
1303 3575 1379 3643 ὁμόσε

303 3669 380 3701 rernm
402 3651 598 3721 consiliorumque
611 3652 705 3717 fueris,
724 3652 820 3703 habitus
863 3637 1138 3720 nlroi<(oill³opuiot)
1155 3648 1298 3719 ἐχώρησαν,
1316 3654 1378 3719 ὤςτιΙ
1396 3682 1400 3690 ·

300 3734 336 3781 sis
347 3734 372 3781 in
383 3730 480 3781 liberum
493 3730 556 3790 loco,
570 3735 690 3781 sicutmos
701 3732 820 3801 majorum
863 3734 925 3799 σφᾶς
942 3731 1005 3801 μήτε
1018 3732 1068 3789 τοῖς
1082 3731 1189 3793 κοντοῖς,
1201 3728 1264 3799 μήτε
1279 3735 1330 3793 τοῖς
1347 3733 1380 3794 ii·
1450 3740 1453 3744 '

297 3810 408 3877 serebat,
426 3821 520 3881 repente
541 3810 681 3882 relinquas?
701 3811 818 3861 deseras?
861 3829 915 3879 φεσι
927 3814 977 3869 τοῖς
991 3810 1146 3879 μακροτέροις
1156 3810 1313 3879 'wirundum
1326 3813 1379 3864 ddi.
1426 3813 1431 3824 '

303 3890 339 3941 ad
344 3890 491 3943 adversarios
500 3892 725 3942 tr·auseus?Verum
732 3909 818 3942 unum
862 3890 931 3948 ζοντό
939 3909 967 3941 τε
975 3884 1073 3953 eiusad
1080 3891 1130 3948 τοῖς
1139 3889 1240 3961 σώμασι
1247 3892 1275 3943 τὸ
1285 3895 1379 3957 πλεῖον,

301 3980 405 4023 tantum
413 3971 493 4023 fuisse
500 3968 625 4035 ostendit,
633 3971 650 4021 l.
657 3968 815 4030 1v.Consilio,
860 3964 877 4023 ἦ
892 3972 943 4031 τοῖς
956 3968 1049 4034 ὅπλοις,
1063 3969 1194 4039 ἐμάχοντο.

300 4049 405 4121 inquit,
421 4071 473 4103 cum
488 4050 575 4119 legatis
588 4062 613 4099 ot
626 4060 742 4121 quaestore
752 4070 816 4100 com·
902 4055 929 4113 4.
937 4049 1146 4117 lelangesacta.
1155 4048 1220 4103 Vid.
1229 4069 1287 4121 sup.
1295 4070 1319 4103 c.
1330 4058 1377 4117 24,

230 4164 242 4173 -
300 4134 429 4184 municato.
444 4133 535 4184 Circo.
548 4130 589 4181 Ex
599 4129 650 4180 hoc
665 4140 753 4181 tamen
762 4130 818 4182 Cn·
861 4128 973 4181 Orosius
988 4129 1094 4200 scripsit
1108 4130 1268 4195 Germanos,
1284 4143 1377 4183 coacto

300 4210 364 4263 saris
377 4212 437 4263 loco
451 4221 524 4281 patet
533 4210 612 4263 luisse
624 4208 715 4281 plures
727 4209 817 4275 Quies·
860 4202 890 4269 ln
905 4228 990 4264 unum
1005 4210 1125 4280 agmine,
1140 4210 1274 4281 scutisque
1295 4229 1376 4283 supra
