3000 5034
260 509 304 556 xx
661 483 924 554 EDITOBIS

260 635 425 705 aperuere.
445 612 513 678 Nee
533 611 733 700 alienigenas
745 615 829 679 Deos
849 615 1037 702 indr'gatzbus
1060 617 1183 681 sociare
1207 617 1341 684 dubita·

259 722 377 786 vimus
396 719 512 806 Neque
530 718 619 782 enim
639 735 702 784 nos
725 719 758 782 ii.
774 736 890 786 sumus
915 720 973 808 qui
990 721 1103 809 patria
1127 720 1232 787 laudis
1254 721 1341 789 ultra

259 827 397 893 modum
407 826 539 908 curiosi,
547 849 639 890 suam
654 827 803 891 externis
809 827 971 918 denegare
982 829 1211 912 velimus3imo
1221 853 1341 921 agnos·

259 935 379 1017 cimus,
399 933 572 1021 palamque
586 931 798 1020 profitemur,
816 948 850 998 et
869 957 938 997 non
957 932 1052 997 inviti
1070 934 1222 1022 quidem,
1234 959 1342 1025 quan·

158 1041 164 1054 '
260 1057 333 1104 tum
345 1037 483 1104 assiduis
497 1037 678 1103 Germaniae
686 1056 719 1102 et
725 1039 849 1128 Angliae
857 1039 1046 1102 recentioris
1056 1039 1342 1106 lucubrationibus

259 1169 314 1211 ars
324 1145 434 1208 critica
443 1143 574 1226 debeat3
587 1160 620 1208 et
627 1167 726 1230 quam
734 1145 852 1209 merito
860 1144 969 1213 sintin
977 1145 1201 1233 honoreapud
1208 1168 1343 1210 omnem

260 1253 427 1339 Europam
439 1251 586 1314 virorum
606 1251 756 1334 nomina,
771 1253 846 1339 qui,
860 1252 960 1338 quam
977 1247 1094 1315 dicunt
1105 1251 1341 1340 Philologiam,

260 1383 300 1424 eo
318 1374 570 1447 promoverunt,
591 1357 650 1422 ubi
674 1357 923 1422 consistendum
949 1358 1044 1446 ipsis,
1063 1359 1126 1422 nisi
1144 1359 1343 1447 praeeipitem

258 1467 294 1530 in
312 1467 509 1554 pristinum,
529 1464 619 1530 unde
645 1480 835 1549 emerserat,
854 1463 952 1529 chaos
971 1466 1073 1529 velint
1092 1466 1223 1530 referre.
1244 1464 1345 1547 Quod

259 1574 360 1638 semel
381 1573 549 1660 professis,
569 1595 627 1660 per
646 1589 757 1637 totum
778 1573 886 1659 operis
905 1571 1107 1634 curriculum
1119 1571 1171 1653 ⁸ita
1188 1571 1343 1658 nequam

259 1678 477 1744 confirmandi
491 1679 583 1742 loeus
592 1675 760 1761 occurret,
770 1693 809 1740 ut
823 1674 947 1739 nemini
960 1676 1002 1738 sit
1012 1674 1234 1739 dubitandum
1243 1695 1346 1764 quan·

260 1785 286 1852 ti
299 1785 371 1850 illos
383 1785 557 1863 iaciamus,
568 1783 628 1868 qui
639 1781 739 1846 duces
759 1779 855 1845 nobis
865 1780 1082 1867 puniverunt,
1095 1791 1222 1868 etqoos
1233 1782 1344 1869 sequi,

259 1893 311 1956 vel
328 1913 392 1954 noo
407 1892 507 1980 sequti
521 1887 685 1978 passibus,
704 1905 769 1954 >tort
787 1889 901 1952 alaim
919 1887 991 1951 laus
1008 1888 1118 1953 itteris.
1138 1889 1185 1952 Ea
1203 1907 1265 1953 nos
1282 1889 1343 1953 sti·

262 1999 366 2065 mulat
389 1995 526 2062 invidis!

305 2104 423 2191 Neque
445 2125 506 2166 nos
531 2117 708 2165 moverunt
725 2102 777 2165 vsi
794 2101 913 2165 sinceri
937 2101 1165 2166 miserantium
1186 2103 1345 2186 affectus,

262 2215 315 2279 vel
332 2213 409 2278 nrali
427 2210 684 2278 conviciantium
698 2211 866 2274 clamores
878 2211 963 2274 Nam
974 2210 1009 2273 in
1023 2210 1092 2274 dies
1110 2211 1276 2275 invalescit
1293 2210 1346 2273 in-

262 2334 314 2385 ter
332 2342 392 2382 nos
420 2319 537 2386 amula
561 2318 711 2406 συνεργῶν
735 2317 949 2404 conspiratio,
969 2317 1027 2404 qui
1046 2331 1172 2405 partem
1191 2315 1253 2382 sibi
1278 2333 1345 2380 tam

263 2426 354 2492 durae
365 2425 541 2514 provinciae
551 2423 777 2506 vindicarunt3
789 2436 822 2488 et
833 2423 981 2490 intentus
995 2425 1136 2512 quisque
1149 2425 1240 2512 operi
1255 2419 1348 2510 qnod

263 2531 472 2598 tractandum
491 2529 626 2618 obtiffl't,
643 2532 813 2618 titooepelmt
835 2530 933 2594 tacito
950 2547 1107 2619 peragens
1121 2533 1192 2608 ber,
1212 2529 1345 2594 illorum

264 2659 333 2706 sese
342 2635 742 2724 judiciopermittet,qui·,
754 2653 859 2722 quum
871 2654 939 2698 non
951 2633 1346 2717 babeantourinvideant,

263 2745 317 2836 rel
332 2742 422 2808 undo
440 2743 639 2824 irascantur,
654 2757 692 2806 tx
710 2759 810 2830 opera
821 2755 952 2807 tantum
966 2740 1098 2828 opifices
1114 2754 1193 2805 sunt
1206 2741 1347 2806 testima-

264 2850 342 2914 turi.
361 2849 412 2914 ad
430 2849 562 2914 illorum
582 2849 685 2938 igitur
699 2849 846 2940 tribunal
863 2847 970 2912 securi
981 2846 1181 2930 accedimus3
1193 2846 1347 2912 nortales

263 2957 412 3044 profecto
425 2956 513 3020 viros
532 2953 652 3049 lugiet,
667 2973 751 3043 opus
766 2973 828 3018 nos
846 2955 948 3018 brisso
964 2971 1131 3044 aggressos
1146 2954 1346 3020 immensum

170 3119 173 3126 .
266 3060 497 3150 amplitudine,
518 3059 765 3126 difficultatibus
784 3060 990 3140 intricatum,
1002 3075 1035 3123 et
1049 3059 1204 3149 gravioris
1221 3058 1347 3126 adrem

265 3169 400 3266 latipam
419 3163 596 3248 momenti,
608 3179 708 3254 quam
719 3165 867 3250 erodant,
880 3166 939 3254 qui
956 3178 1101 3235 montem
1118 3182 1264 3233 nostram
1279 3186 1347 3230 non
1418 3200 1421 3205 ·

267 3277 343 3342 satis
361 3274 595 3364 perspexerint.
703 3278 705 3282 ’

220 3450 224 3456 ,
313 3381 405 3466 Quid
415 3399 492 3445 vero
503 3381 660 3444 lectorem
668 3377 1350 3469 longiusmoremurihabetJam‘mterma·

268 3513 331 3554 nus
342 3488 433 3554 unde
445 3489 527 3554 ferat
536 3487 708 3569 judicium.
721 3487 821 3551 Nunc
836 3487 940 3552 diseat
949 3505 994 3550 ex
1003 3506 1066 3550 ωηο
1079 3487 1158 3550 libro
1172 3485 1229 3572 qui
1243 3483 1349 3548 futuri

270 3596 338 3660 sint
355 3617 481 3675 omnes,
505 3593 616 3682 quoad
635 3593 748 3658 saltem
773 3593 820 3656 rei
843 3593 944 3657 totius
972 3591 1256 3672 informationem,
1275 3608 1350 3678 quat

269 3701 419 3791 religioso
444 3702 479 3764 in
498 3699 728 3788 sequentibus,
750 3715 783 3761 et
801 3699 841 3762 ab
866 3713 1072 3784 unoquoque
1087 3697 1264 3787 interprete
1281 3713 1350 3760 ser-

209 3876 210 3880 ,
271 3808 411 3875 rabitur.
955 3817 961 3824 ‘

316 3917 514 3980 (iurantem
533 3911 639 4000 operis
658 3909 791 3972 initium
807 3910 864 3973 ai.
884 3911 1025 3974 emmo
1044 3909 1293 3975 Gonnrnmnns
1310 3907 1351 3974 do

271 4021 363 4088 Bello
386 4017 513 4084 Gallico
533 4017 738 4098 duxerimus,
759 4038 859 4079 nemo
876 4037 953 4079 sano
972 4013 1141 4079 Gallorum
1160 4014 1351 4098 mirabitur,

272 4129 346 4219 qui,
365 4150 434 4191 non
459 4126 530 4192 sine
551 4123 698 4218 quodam
715 4123 875 4213 superbie
893 4146 1012 4208 sensu,
1028 4123 1122 4191 svitae
1141 4123 1263 4215 passim
1283 4119 1350 4188 vir·
