3000 5034
564 481 862 556 PRAEFATIO.
1180 510 1238 558 xxi

159 617 232 684 tutis
251 630 473 684 monumento
490 613 557 679 illic
581 616 719 706 releget3
737 592 777 680 οῖ’
796 614 875 678 teles
896 613 976 678 olim
994 610 1095 678 inisse
1112 613 1239 700 Gallos,

155 725 264 812 quales
283 746 319 788 se
337 721 492 813 deinceps
510 738 543 786 et
562 741 671 811 nuper
687 723 925 812 prestiterunt,
936 721 983 785 ibi
1000 721 1239 811 deprehendet,

154 831 322 923 gentilitio
336 828 457 894 indolis
471 851 530 920 per
543 844 595 894 tut
605 830 723 894 secula
738 829 800 893 sibi
818 829 1000 893 constantis
1013 829 1149 894 feliciter
1157 851 1240 894 ccu-

152 940 250 1004 scius.
275 939 354 1021 Quo
383 935 519 1024 quidem
548 949 719 1028 respectu,
740 937 885 1028 patrium
910 949 945 1000 et
966 936 1060 1002 civile
1082 936 1240 1024 quiddam

154 1046 261 1112 inesse
279 1043 449 1108 laboribus
468 1042 606 1121 nostris,
619 1063 689 1106 non
703 1043 846 1108 fatemur
865 1042 983 1127 modo,
996 1043 1054 1108 sed
1072 1060 1105 1108 et
1123 1044 1242 1133 gluria-

155 1171 241 1218 tnur.
256 1150 360 1235 Quod
369 1168 449 1215 vcro
461 1150 602 1218 maxime
620 1149 805 1242 optandum
819 1164 905 1234 erat,
919 1151 1041 1215 scilicet
1052 1167 1091 1217 ut
1101 1150 1241 1241 dignum

153 1259 205 1322 sui
224 1258 439 1346 interpretem
460 1255 586 1340 Ooesur,
606 1272 683 1346 pust
700 1271 753 1322 tot
769 1257 964 1346 interpretes
982 1258 1242 1343 nancisceretur,

154 1363 331 1453 contigisse
346 1363 442 1427 nubis
460 1364 678 1454 gratulemur,
694 1364 817 1451 quibus
830 1364 964 1453 publica
979 1385 1043 1429 vox
1060 1363 1243 1456 designavit
1264 1425 1267 1431 .

156 1469 202 1537 N.
209 1469 245 1535 L.
255 1469 447 1548 deuouere,
463 1471 521 1558 qui
540 1471 592 1535 sui
607 1471 675 1551 jain
693 1471 878 1559 periculum
893 1472 1014 1537 feceret
1029 1472 1065 1534 iu
1078 1472 1191 1536 Persio
1210 1489 1243 1539 et

154 1577 320 1660 luveuoli3
333 1594 367 1642 et
383 1571 514 1642 edendo
533 1575 653 1644 Caesad
669 1577 870 1669 praeludens,
884 1580 990 1644 multe
1004 1581 1072 1660 jam
1089 1581 1244 1668 variaque
1340 1601 1345 1611 “

157 1706 192 1748 er
209 1701 323 1749 mente
340 1699 594 1776 comparuverst.

198 1789 250 1855 Ad
268 1810 353 1880 opus
383 1791 484 1880 igitur
507 1791 662 1874 accurit,
686 1791 726 1854 tis
750 1791 934 1855 instructus
960 1789 1132 1874 subsidiis,
1151 1791 1243 1856 uude

157 1897 362 1962 emendatior
380 1897 481 1961 editio
499 1913 533 1960 et
546 1897 743 1986 locupletior
758 1897 832 1977 jure
844 1911 957 1985 posset
971 1898 1243 1986 exspectari3'nec

157 2002 260 2068 dubio
287 2004 396 2086 lucus,
412 2003 497 2091 quin
522 2021 654 2067 summo
672 2021 749 2092 ope,
775 2022 794 2066 e
826 2004 905 2068 totis
928 2004 1030 2067 animi
1052 2005 1243 2096 ingeniique

158 2110 281 2174 viribus
301 2111 337 2173 in
355 2128 426 2174 rem
450 2119 597 2173 nostrum
616 2108 819 2192 intenderet,
837 2110 897 2196 qui
920 2111 1131 2179 vehementer
1148 2125 1243 2199 optr-

157 2234 246 2281 rerut
262 2215 460 2304 riprando,
481 2201 514 2282 et
533 2215 643 2280 nescio
663 2236 728 2302 qua
746 2216 849 2281 animi
865 2217 1073 2305 providentia
1089 2219 1242 2284 futurum

158 2323 249 2389 brevi
267 2316 454 2388 confidebat
471 2321 537 2411 (ι),
551 2339 590 2387 ut
608 2305 773 2387 recentius
792 2338 984 2412 usurpatam
1003 2347 1023 2388 a
1039 2325 1155 2389 vicinis
1173 2322 1245 2414 phi·

146 2419 284 2519 'lolcgire
305 2423 437 2494 leudem
463 2429 567 2493 Gonia
584 2441 762 2516 repeteret,
783 2442 817 2492 et
834 2431 1044 2496 exorirentur
1061 2432 1148 2496 inter
1165 2445 1243 2510 nos,

156 2537 212 2625 qui
230 2551 513 2625 premonstratam
532 2536 611 2601 olim
623 2559 642 2599 e
653 2535 841 2624 Stephanus,
866 2537 1036 2618 Turnebis,
1053 2537 1239 2619 Salmasit'r,

158 2658 231 2726 etc,
241 2642 328 2706 viem
339 2641 478 2731 ingressi
488 2639 699 2706 conficerent.
712 2641 867 2706 Nostrum
878 2641 924 2704 illi
937 2658 1098 2726 mentem,
1111 2660 1144 2708 et
1162 2643 1243 2732 quid

158 2750 284 2813 consilii
303 2749 403 2815 fuerit
417 2748 531 2832 nobis,
550 2749 755 2838 operuimusg
771 2763 822 2832 et,
841 2749 1006 2814 intellecta
1024 2765 1074 2834 re,
1091 2767 1244 2840 recteque
1347 2832 1353 2844 Ι

159 2856 244 2920 inter
259 2871 321 2921 nus
339 2856 535 2939 constituta,
554 2857 657 2927 socias
674 2857 708 2920 in
722 2855 851 2922 edendo
868 2856 994 2923 Coesare
1007 2859 1092 2924 vires
1104 2876 1137 2924 et
1149 2874 1243 2941 curus

158 2963 369 3031 contulimus.
386 2964 468 3048 Quae
485 2963 620 3051 quidem
640 2961 759 3048 editio,
773 2984 880 3052 quum
897 2965 1019 3054 triplici
1033 2967 1244 3055 potissimum

160 3069 291 3134 cardine
309 3085 473 3153 vertatur,
487 3059 655 3136 lectionum
673 3071 862 3153 collatione,
881 3072 1100 3136 emendatione
1115 3086 1244 3158 textus,

160 3193 193 3242 et
211 3179 484 3268 interpretatione,
499 3177 620 3266 quibus
639 3180 764 3257 artibus
782 3181 845 3243 tria
862 3180 933 3244 haec
951 3183 1079 3269 assequi
1098 3197 1244 3247 tentave-

162 3283 285 3369 rimus,
304 3285 416 3373 paucis
435 3285 538 3350 lcctur
555 3285 811 3374 ptumouendus
830 3303 890 3352 est.

206 3391 244 3454 V
239 3389 418 3456 amentium
428 3391 598 3457 loctunam
613 3394 756 3481 copiam,
768 3392 947 3481 etquidem
961 3394 1162 3481 uberrimum
1175 3395 1244 3458 col-

160 3498 239 3589 legit
258 3500 382 3588 optime
399 3499 442 3563 dc
459 3500 568 3564 latinis
592 3499 822 3588 scriptoribus,
845 3499 937 3563 etde
963 3499 1088 3568 cosan
1107 3523 1243 3589 praesero

161 3605 221 3670 tint
239 3606 395 3690 meritus,
414 3607 456 3672 V.
476 3606 511 3671 C.
538 3605 765 3695 Oudendorp,
783 3605 904 3693 quibus
923 3606 1145 3673 exornandam
1164 3622 1243 3672 cen-

161 3712 245 3794 suit,
269 3736 368 3804 quam
387 3713 765 3804 compegiteditionem,
784 3712 889 3802 Lugd.
913 3715 1022 3779 Brut.
1046 3734 1123 3780 ann.
1147 3714 1242 3803 1737,

162 3818 226 3883 Sed
243 3835 335 3884 tanta
349 3820 410 3884 hac
423 3821 603 3886 lectionum
621 3821 819 3910 supellectile
839 3821 1059 3905 circumfusis,
1076 3843 1119 3886 ne
1136 3821 1243 3886 dicent

160 3925 308 4009 obrutis,
326 3928 468 3992 severior
495 3927 639 3992 delectus
665 3945 734 3991 erat
762 3927 969 3993 adhibendus
990 3948 998 3992 t
1016 3930 1128 4017 plures
1153 3928 1242 3993 enim

201 4174 244 4244 (ι)
264 4181 297 4234 In
310 4181 467 4254 prelatione
484 4179 518 4237 ad
531 4181 699 4253 Juvenalem,
714 4193 773 4256 pag.
788 4201 817 4252 9.
1042 4266 1055 4306 ³

1006 4283 1034 4351 B
