3000 5034
281 433 360 510 386
441 436 481 502 C.
507 430 648 499 JULII
677 428 910 497 CAESARIS
937 426 1213 497 COMMENT.

281 594 355 639 auos
368 563 622 636 confirmabant
637 560 739 649 Quod
761 562 796 629 in
811 554 994 655 conspectu
1012 546 1180 629 omnium⁵
1196 585 1249 629 res
1265 585 1358 655 gere·

188 663 192 672 ’
281 676 395 761 batur,
404 696 512 766 neque
524 683 614 738 recte
629 692 668 735 ac
683 668 826 761 turpiter
837 665 962 735 sactum
975 665 1075 747 celari
1088 681 1236 760 poterat;
1248 682 1357 737 utros-

279 805 346 876 que
367 794 403 849 et
419 778 525 852 laudis
546 774 729 869 cupiditas,
750 788 786 842 et
806 774 907 843 timor
927 774 1116 868 ignominiae
1136 773 1179 841 ad
1199 775 1358 843 virtutem

279 887 480 957 excitabant.
495 886 611 973 Quum
625 906 646 949 a
657 880 795 951 meridie
814 904 919 975 prope
934 880 977 949 ad
992 879 1069 950 solis
1085 904 1243 951 occasum
1258 880 1360 951 dubia
1447 938 1450 945 .

280 994 419 1063 victoria
438 1003 664 1086 pugnaretur,
682 989 845 1057 Germani
863 989 980 1057 unuin
999 1002 1093 1082 parte
1113 987 1271 1057 confertis
1288 1002 1358 1057 tur-

280 1085 368 1171 mis⁶
391 1102 426 1167 in
447 1099 559 1167 hostes
581 1097 743 1190 impetum
771 1094 945 1183 fecerunt,
967 1118 1089 1188 eosque
1111 1092 1356 1189 propulerunt:

279 1206 401 1301 quibus
414 1207 449 1273 in
464 1205 578 1299 fugam
595 1202 775 1295 conjectis,
789 1203 947 1295 sagittarii
965 1203 1184 1271 circumventi
1202 1201 1356 1271 interlec-

279 1315 371 1406 tique
393 1325 479 1381 sunt„
495 1315 582 1380 Item
601 1334 642 1378 ex
663 1307 797 1403 reliquis
818 1308 968 1403 partibus
988 1310 1116 1397 nostri,
1131 1307 1286 1377 cedentes
1302 1333 1357 1377 us·

277 1444 344 1513 que
357 1419 400 1487 ad
413 1433 522 1487 castra
535 1418 676 1487 insecuti
687 1465 699 1504 ,
710 1417 762 1484 sui
777 1414 953 1509 colligendi
969 1414 1159 1485 facultatem
1175 1410 1243 1482 non
1257 1414 1357 1483 dede·

277 1540 367 1595 runt.
393 1527 438 1595 At
461 1526 505 1614 ii,
524 1525 582 1618 qui
607 1524 650 1591 ab
676 1521 787 1593 Alesia
813 1537 1067 1616 processerant,
1090 1524 1221 1610 moesti,
1239 1546 1356 1618 ‘prope

278 1634 418 1701 victoria
439 1632 637 1725 desperata,
660 1654 695 1697 se
716 1630 752 1697 in
774 1628 936 1723 oppidum
957 1644 1163 1723 receperunt.

277 1788 283 1795 -
331 1740 490 1809 LXXXI.
519 1740 600 1807 Uno
614 1736 668 1805 die
682 1737 891 1823 intermisso,
910 1734 1017 1822 Galli,
1031 1750 1129 1829 atque
1147 1736 1213 1803 hoc
1232 1738 1341 1830 spatio

276 1870 407 1939 magno·
419 1842 594 1932 cratium.¹,
606 1841 770 1911 scalarum
781 1841 805 1929 ²,
821 1828 1077 1936 harpagonum³
1095 1866 1236 1911 nurnero
1255 1842 1355 1913 ellec-

156 2006 159 2008 Α
276 1966 333 2039 to,
347 1951 457 2019 media
478 1964 577 2019 nocte
598 1949 728 2018 silentio
741 1974 784 2017 ex
797 1950 913 2018 castris
931 1951 1073 2043 egressi,
1088 1948 1130 2017 ad
1152 1964 1357 2044 campestres

276 2043 677 2130 munitiones⁴accedunt
698 2055 816 2124 Subito
832 2054 978 2125 clamore
1000 2054 1152 2144 sublato,
1170 2081 1237 2151 qua
1256 2058 1355 2151 signi

276 2164 451 2251 ficatione,
473 2164 530 2257 qui
558 2164 594 2231 iu
620 2162 745 2257 oppido
768 2162 1028 2249 obsidebantur,
1047 2162 1088 2231 de
1119 2188 1179 2231 suo
1208 2162 1355 2234 adventu

276 2294 479 2365 cognoscere
493 2284 645 2364 possent,
659 2284 767 2338 crates
781 2254 969 2363 projicere⁵,
979 2268 1104 2356 fundis,
1119 2272 1261 2364 sagittis,
1272 2269 1354 2365 lapi·

275 2376 373 2447 dibus
387 2390 520 2445 nostros
535 2376 577 2443 de
592 2374 681 2444 vallo
696 2375 876 2444 deturbare
883 2360 907 2463 ⁶,
924 2373 1133 2469 reliquaque,
1148 2396 1221 2469 quae
1235 2376 1278 2444 ad
1294 2402 1353 2473 op·

225 2505 227 2508 ·
275 2486 514 2580 pugnationem
535 2484 726 2577 pertinent,
745 2481 975 2552 administrare
987 2482 1009 2549 ⁷.
1032 2480 1160 2552 Eodem
1182 2496 1354 2579 tempore,

274 2727 280 2735 .
317 2687 344 2740 ὅ.
358 2686 435 2755 Quod
440 2690 602 2755 incon-spectu
611 2687 716 2735 omnium
722 2722 731 2745 ,
744 2695 790 2736 etc.
834 2684 940 2735 cratibus
950 2686 1066 2753 integrunt,
1076 2696 1240 2757 atqueaggere
1247 2686 1351 2755 explent.

274 2766 353 2823 Idem
361 2766 467 2831 Livius,
475 2765 494 2817 l.
503 2782 567 2817 mr
576 2769 643 2828 Ab,
656 2764 748 2817 seruit
757 2762 791 2817 de
877 2784 902 2817 a.
911 2764 1046 2817 Scelerum
1057 2765 1193 2835 Κλίμακες,
1202 2784 1217 2817 a
1225 2764 1352 2819 scanden-

273 2846 399 2917 Scipione
405 2843 607 2914 inCarthaginis
617 2844 792 2914 expugnatio·
833 2842 886 2897 do:
902 2844 984 2915 igitur
998 2842 1031 2897 ad
1047 2845 1147 2897 vallum
1158 2843 1350 2901 scandendum.

274 2944 318 2979 ne:
326 2925 445 2997 Quodque
453 2923 622 2995 phcnnwnad
628 2924 791 2977 accendendos
876 2925 902 2977 3.
923 2925 1108 2995 Harpagonum.
1129 2925 1223 2990 Quint.
1242 2927 1352 2995 Curtius

274 3005 377 3059 militaon
393 3008 486 3056 aninaos
503 3007 632 3065 intererat,
644 3007 711 3056 testis
723 3024 790 3075 spec·
828 3006 923 3071 ferreas
934 3024 1017 3055 mansas
1028 3016 1118 3069 vocat,
1132 3006 1260 3076 Vegetius
1274 3008 1349 3077 lupen.

273 3096 385 3157 satorque
397 3088 497 3136 oirtntn
512 3096 584 3156 atquo
596 3087 700 3152 ἱριανὶω
713 3086 792 3154 cujus·
834 3084 905 3137 Unci
914 3096 975 3137 sunt
983 3084 1075 3149 ferrei,
1083 3084 1190 3155 perticis
1203 3086 1292 3157 longis
1304 3106 1349 3158 ap·

275 3185 325 3237 que·
335 3164 411 3217 adest.
431 3164 518 3236 Itaque
532 3168 558 3215 in
571 3163 681 3216 Ἀνίωνα
696 3184 727 3217 ac
741 3164 791 3217 telo
834 3164 891 3230 teti,
897 3162 931 3216 ad
939 3163 1089 3219 avellendos
1095 3165 1219 3231 valloset
1229 3166 1281 3219 aliu
1291 3186 1349 3238 qun

210 3301 214 3310 ,
274 3256 363 3307 murat,
378 3264 453 3316 mque
467 3244 522 3295 allos
537 3247 612 3305 muri,
626 3264 791 3315 noquesupen
831 3244 1011 3298 munitionem
1024 3257 1126 3315 tegunt.

274 3337 366 3377 stantes
376 3328 465 3376 amiati
478 3343 558 3375 arcere
564 3336 665 3396 queunt,
674 3329 732 3395 quan
738 3344 790 3377 cer·
875 3329 901 3387 tl.
914 3324 1061 3395 Campestres
1074 3329 1221 3378 munitiones.
1231 3325 1294 3379 Scit.
1306 3346 1348 3379 ex·

274 3410 346 3457 menn
364 3404 502 3457 mandunt.
832 3404 959 3469 teriores,
976 3423 1019 3459 eas
1036 3424 1094 3476 quae
1113 3402 1238 3459 adversus
1259 3406 1348 3459 Gallos
1441 3418 1446 3428 “

225 3553 228 3558 ¹
316 3488 344 3538 6.
365 3484 421 3537 Una
441 3489 466 3535 in
482 3496 554 3554 parte
569 3486 681 3550 conferto
696 3488 788 3537 turmis.
832 3484 959 3537 instituta
972 3485 1092 3551 fumant,
1104 3486 1245 3555 Iclignede
1257 3499 1348 3539 contre-

274 3564 337 3618 soil.
353 3583 385 3617 ex
397 3564 452 3616 alia
458 3564 790 3635 partequapuguafucrat
831 3564 960 3617 enantion.

199 3692 206 3713 ,
273 3646 423 3697 commissa.
438 3644 634 3713 Ellesortitpar
649 3648 747 3696 uncote'
759 3643 790 3695 de
875 3644 900 3697 5.
910 3644 1124 3717 Crateswprojicere.
1132 3646 1166 3698 Et
1173 3643 1202 3697 id
1209 3664 1347 3717 argumen-

272 3724 301 3775 Ia
309 3726 375 3794 ligne
383 3721 608 3790 differentdecelai,
619 3724 788 3777 etc-Con·
832 3718 1003 3790 toest,fossas'
1011 3742 1117 3796 quoque
1127 3725 1207 3779 luisse
1218 3739 1346 3780 autemu-

274 3805 350 3859 fern's
363 3804 621 3868 turmis3mrunseut
627 3804 714 3870 smnt,
731 3824 788 3855 sans
831 3804 962 3857 ultionem
984 3805 1147 3859 interiorem.
1162 3803 1234 3859 Vide
1252 3826 1346 3879 supra,

273 3884 405 3941 intervallo.
832 3880 884 3955 79,
899 3896 956 3937 not.
972 3891 999 3951 4,

313 3965 380 4017 Cu.
401 3960 527 4016 LXXXI.
547 3981 572 4015 1.
593 3962 712 4016 cratium.
728 3963 787 4017 Hoc
872 3968 898 4018 6.
916 3965 1061 4019 Deturban.
1080 3966 1121 4019 sl.
1135 3966 1288 4035 proturbare.
1305 3967 1344 4019 Al.
1427 3998 1432 4007 ·

272 4042 333 4097 loeo
348 4042 381 4095 ad
397 4042 521 4097 eumdem
536 4062 616 4095 usum
631 4055 699 4115 apte
712 4056 788 4097 erant
827 4045 976 4116 perturbare.
992 4047 1101 4101 Praestat
1114 4045 1220 4116 vulgata
1231 4046 1320 4100 lectio.

270 4134 371 4188 crates,
381 4124 426 4177 cui
435 4123 595 4190 lamecu.
608 4121 642 4175 ad
651 4123 732 4177 fossas
744 4141 788 4177 ex·
872 4144 899 4194 7.
913 4126 1100 4179 Administran.
1122 4125 1253 4179 Nonnulli
1266 4124 1344 4181 codd.

271 4201 394 4272 pleudas,
406 4217 436 4256 ut
447 4222 545 4274 supra,
556 4222 614 4274 cap.
630 4221 686 4275 79,
690 4206 786 4271 fossam
829 4203 1266 4279 habenupmnfflonnecesseest.
1275 4206 1343 4261 Pra-
