3000 5034
272 513 345 582 DE
371 513 547 582 BELLO
575 513 827 584 GXLLICO.
854 514 957 583 Lln.
977 517 1004 582 1.
1123 517 1186 602 [ιι

102 641 208 734 sedes,
229 661 381 716 remotas
403 649 640 736 a'Germanis,
659 663 794 743 petant3
812 648 1067 742 fortunamque,
1085 649 1175 743 quress

101 773 237 846 cumque
256 753 409 842 accidat,
427 756 648 848 experiantur.
671 753 801 824 Haec'si
821 757 992 824 enuntiata
1008 756 1175 824 Ariovisto

101 859 175 946 sint,
193 885 265 928 non
288 859 457 949 dubitare,
468 861 549 954 quin
567 861 608 930 de
625 853 780 931 omnibus
797 861 985 949 obsidibus,
1003 862 1059 955 qui
1085 863 1176 957 apud

101 965 173 1032 ιιιιιι
187 966 276 1055 sint,
298 968 541 1061 gravissimum
558 967 758 1063 supplicium
784 983 902 1037 sumat.
926 971 1091 1038 Caesarem
1121 968 1175 1037 vel

18 1109 20 1116 ‹
101 1075 294 1142 auctoritate
318 1097 379 1141 sua
401 1087 506 1167 atque
519 1077 702 1168 exereitus,
719 1073 772 1143 vel
798 1077 922 1144 recenti
943 1077 1104 1163 victoria,
1120 1074 1179 1143 vel

18 1191 32 1259 ἰ·Ι
101 1179 226 1246 nomine
249 1169 372 1274 populi
395 1183 527 1248 romani
548 1129 715 1250 deterrere
740 1206 855 1276 posse,
877 1207 920 1250 ne
911 1182 1049 1319 14major
1069 1181 1175 1250 multi·

18 1275 20 1302 ²
102 1284 172 1352 tudo
205 1285 460 1355 Germanorum
492 1285 666 1356 Rhenum
679 1275 925 1356 traducatur¹
934 1287 1175 1382 ,Galliamque

18 1431 20 1452 »
102 1413 225 1458 omnem
242 1393 291 1460 ab
304 1393 501 1461 Ariovisti
479 1393 599 1487 injuria
617 1419 714 1490 popse
729 1394 915 1462 defendere
930 1424 948 1459 ι

146 1499 296 1567 XXXII.
321 1497 394 1568 Hac
409 1501 558 1568 oratione
580 1500 623 1568 ab
641 1502 808 1570 Divitiaco
827 1482 940 1568 liabita
948 1504 1175 1595 ,omnes,qui

101 1601 230 1674 aderant
238 1630 392 1700 ,niagno
409 1607 490 1674 fletu
508 1606 666 1676 auxilium
682 1631 702 1674 a
717 1609 849 1675 Caesare
863 1621 977 1700 petere
989 1621 1173 1700 coeperunt.
1183 1672 1202 1695 s

101 1709 341 1781 drimadvertit
365 1715 495 1800 Caesar,
514 1739 599 1782 unos
628 1739 669 1782 ex
691 1713 862 1782 omnibus
872 1712 1071 1806 Sequanos¹
1091 1713 1189 1781 nihil'

57 1803 62 1812 ⁶
101 1839 205 1885 earum
228 1843 347 1887 rerum
369 1819 496 1907 facere,
510 1844 591 1914 quas
614 1822 715 1890 ceteri
730 1820 895 1907 facerent3
909 1820 967 1888 sed
982 1821 1112 1906 tristes
1122 1844 1174 1888 ca·

32 1917 57 1950 ’·
101 1923 159 2014 pite
183 1925 350 2012 demiss0,
368 1940 491 1993 terram
520 1928 650 1994 intueri.
679 1927 762 2020 Ejus
789 1928 837 1994 rei
864 1951 964 1995 causa
993 1951 1074 2020 quoe
1087 1941 1173 1995 esset

101 2031 232 2111 urbatus
252 2057 296 2100 ex
318 2033 397 2126 ipsis
423 2034 558 2125 quaesiit.
588 2033 680 2102 Nihil
709 2034 854 2127 Sequani
881 2032 1100 2126 respondere,
1114 2033 1172 2101 sed

100 2134 128 2200 in
150 2137 269 2206 eadem
295 2139 428 2207 tristitia
452 2139 773 2232 tacitipermanere.
792 2141 909 2228 Quum
928 2139 971 2206 ab
992 2141 1172 2233 iis'saepius

99 2259 272 2334 quaereret,
291 2269 399 2338 neque
413 2243 516 2312 ullam
534 2248 671 2314 omnino
685 2271 804 2315 vocem
822 2247 1011 2364 exprimere
1024 2260 1136 2340 posset
1148 2243 1171 2333 ²,

99 2346 175 2416 idem
196 2353 389 2420 Divitiacus
404 2351 530 2420 AEduus
544 2351 737 2445 respondit.
758 2381 775 2416 ιι
793 2355 868 2420 Hoc
881 2354 952 2420 esse
967 2353 1171 2420 miseriorem

100 2458 347 2551 gravioremque
377 2457 548 2525 fortunam
579 2459 831 2552 Sequanorum,
848 2483 917 2588 prae
947 2457 1170 2552 reliquorum,

98 2563 178 2654 quod
213 2563 276 2632 soli
307 2588 350 2630 ne
380 2565 414 2630 in
441 2560 574 2632 occulto
605 2563 748 2658 quidem
770 2550 901 2658 queri³,
920 2589 982 2632 nec
1012 2563 1171 2632 auxilium

97 2667 270 2763 implorare
302 2669 462 2738 auderent
473 2671 728 2765 ,absentisque
736 2672 893 2740 Ariovisti
921 2669 1170 2758 crudelitatem,
1189 2714 1192 2720 ·

98 2773 179 2845 velut
212 2779 239 2844 si
271 2800 385 2845 coram
407 2775 555 2864 adesset,
570 2779 767 2846 horrerent:
784 2793 962 2872 propterea
983 2776 1073 2872 quod
1095 2776 1170 2846 reli·

98 2884 161 2974 quis
191 2887 307 2952 tamen
337 2883 424 2978 fugae
454 2881 594 2953 facultas
620 2884 774 2973 daretur3
798 2887 959 2980 Sequanis
988 2892 1090 2972 vero,
1113 2886 1178 2979 qui

134 3071 176 3130 14.
196 3066 359 3119 Traduntur.
370 3067 411 3118 Ita
424 3064 501 3119 codd.
514 3066 606 3120 nostri.
648 3103 650 3108 ·
695 3069 1170 3140 mExpri'rnereEoepromitvocemqui

100 3143 132 3197 dl.
143 3146 322 3199 transducatur.
650 3147 770 3220 loquitur
784 3167 791 3202 :
807 3153 936 3220 exprimit,
949 3149 996 3219 qui
1010 3149 1085 3219 loqui
1098 3142 1170 3220 cogit
1193 3204 1198 3211 .

130 3227 195 3279 Car.
213 3227 331 3279 XXXII.
352 3245 376 3279 1.
397 3227 462 3280 Unus
483 3247 512 3278 eu
530 3231 606 3280 omni-
651 3240 678 3280 et
688 3229 769 3280 verba
781 3239 927 3299 extorquet.
935 3229 974 3280 Ea
982 3247 1051 3299 saepe
1058 3230 1170 3281 confun-

97 3303 133 3357 ltn
147 3307 280 3378 Sequanos.
297 3307 412 3377 Sequani
425 3307 475 3378 ipsi
489 3307 607 3359 Ariovis·
651 3306 761 3363 duntur.
775 3307 861 3363 Cocld.
872 3321 955 3360 nostr.
968 3312 1087 3378 exprimit.

96 3395 146 3438 tum
157 3405 159 3410 ·
172 3385 294 3439 subsidio
321 3398 494 3440 evocaverant
516 3400 608 3440 contra
694 3389 720 3444 3.
737 3387 812 3457 Quod
821 3389 869 3440 soli
885 3407 913 3438 ne
927 3391 953 3438 in
967 3389 1059 3438 occulto
1075 3387 1168 3459 quidem

96 3465 206 3531 AEduos,
218 3466 377 3538 quibuscum
389 3468 458 3520 bella
472 3469 605 3538 gerebant.
651 3472 731 3540 queri,
745 3479 790 3520 etc.
808 3466 943 3519 Nimirum
955 3467 1070 3536 suspiria
1079 3467 1108 3518 in
1121 3468 1168 3518 ab·

96 3546 126 3596 At
139 3565 224 3618 quum
238 3547 354 3618 Sequani
369 3567 423 3600 non
437 3548 542 3612 minus,
552 3548 606 3600 imo
650 3547 708 3600 dito
722 3545 857 3619 profunde
873 3544 953 3598 ducta
970 3558 1045 3598 tanto
1062 3546 1168 3617 gravius

96 3628 171 3697 magis
200 3645 282 3697 quam
308 3625 390 3680 AEdui
419 3629 453 3680 ab
474 3627 606 3681 Ariovisto
650 3640 748 3694 urimt,
765 3624 838 3698 qnod
854 3645 911 3678 non
926 3627 1004 3679 liceat
1020 3626 1064 3678 illa
1079 3626 1167 3698 palam

96 3707 324 3776 opprimerentur,
346 3708 375 3758 in
405 3708 516 3778 gratiam
545 3727 607 3760 cum
649 3727 698 3779 per
719 3728 748 3760 os
769 3706 908 3760 effundere
921 3719 948 3760 et
967 3718 1057 3778 aperte
1071 3707 1165 3778 queri:

96 3784 182 3840 AEdnis
201 3786 354 3852 redierant,
375 3799 401 3838 et
426 3786 460 3840 ad
477 3787 606 3840 Caesarem
650 3790 717 3840 nulla
735 3788 864 3860 siquidem,
883 3787 920 3840 ait
936 3787 1037 3840 Seneca
1057 3787 1166 3852 rhetor,

96 3880 142 3916 una
152 3867 281 3920 auxilium
291 3867 463 3937 implorantes
469 3872 605 3922 venerant.
649 3869 667 3940 l.
682 3887 709 3934 1,
720 3868 879 3923 Controver.
893 3887 928 3920 ιο
937 3906 946 3933 ,
951 3867 1034 3938 flendi
1045 3869 1123 3937 major
1131 3879 1168 3917 ese

96 3943 185 4000 Caesari
206 3961 296 4000 autem
322 3947 468 4000 Galliarum
494 3965 606 4018 occupa·
650 3969 733 4012 cansa,
750 3969 820 4020 qnam
825 3950 892 4018 flere·
903 3968 951 4000 non
961 3967 1041 4019 posse.
1055 3947 1090 3998 Et
1100 3946 1166 4000 Stat.

95 4023 188 4079 tionem
197 4027 341 4080 meditanti
349 4028 418 4080 nihil
430 4029 606 4099 opportunius
650 4029 878 4100 Sytv.11,1,34.

95 4103 282 4162 tortmanusve
291 4119 397 4180 poterat
407 4126 527 4161 evenire
535 4105 607 4162 ideo·
761 4175 847 4187 ......
863 4141 1135 4201 „mmmmm
1173 4166 1176 4172 ,

95 4201 142 4254 que
153 4189 270 4242 oblatam
287 4188 339 4242 sibi
354 4191 387 4241 ab
401 4187 496 4242 AEduis
511 4199 538 4240 et
559 4187 605 4240 Se·
661 4212 749 4268 ΔΜ,
759 4214 800 4259 secl
813 4213 895 4262 confer
908 4211 1021 4278 gemtus,
1030 4213 1167 4274 pariterque

95 4268 191 4336 quanin
193 4269 363 4326 occasionem
376 4251 497 4324 libenter
503 4269 604 4340 arripit.
711 4277 813 4323 fleamus.
