3000 5034
240 514 309 585 DE
335 516 509 586 BELLO
536 516 785 587 GALLICO.
814 518 909 587 LIB.
938 519 1031 589 VII.
1089 518 1159 593 301

112 666 290 743 oppugnare
308 652 504 721 instituerat.
520 652 601 741 Quo
618 676 660 720 ex
677 650 802 746 oppido
809 675 914 746 quum
921 650 1019 749 legati
1029 654 1071 723 ad
1089 680 1166 725 eum

111 756 278 845 venissent,
298 771 451 845 oraurm,
470 773 509 827 nt
528 758 588 827 sibi
607 758 816 853 ignosceret,
837 784 968 855 suaeque
990 762 1066 829 vitae
1086 786 1166 830 cou-

110 858 240 950 suleret3
253 877 291 932 ut
306 863 474 933 celeritate
489 864 631 959 reliquas
646 889 699 933 res
718 864 913 954 conficeret,
930 890 995 960 qua
1010 866 1167 963 pleraque

110 982 172 1035 erat
191 986 408 1058 consecutus,
426 995 518 1040 arma
544 971 709 1066 proferri,
729 996 833 1065 equos
855 973 1016 1067 produci,
1038 973 1167 1043 obsides

110 1070 171 1141 dari
184 1076 285 1168 jubet.
308 1080 406 1146 Parte
423 1078 493 1172 jam
514 1076 666 1147 obsidum
689 1078 825 1165 tradita,
839 1103 944 1174 quum
965 1079 1091 1174 reliqna
1109 1079 1167 1162 ad·

108 1180 380 1271 ministrarentur,
400 1185 648 1253 centurionibus
672 1199 707 1253 et
734 1186 848 1278 paucis
876 1185 1033 1255 militibus
1053 1188 1166 1255 intro-

109 1288 221 1375 missis,
240 1292 297 1385 qui
314 1314 407 1359 arma
412 1291 630 1385 jumentaque
641 1294 892 1386 conquirerent,
903 1294 1068 1385 equitatus
1089 1292 1166 1361 hos·

109 1393 179 1460 tium
194 1397 312 1490 procul
328 1399 417 1466 visus
434 1412 501 1485 est,
514 1399 571 1490 qui
586 1420 706 1492 agmen
723 1399 1006 1492 Vercingetorigis
1020 1413 1167 1469 anteces-

105 1515 192 1569 serat.
210 1504 321 1591 Quem
339 1503 548 1598 simulatque
565 1502 724 1598 oppidani
743 1518 1007 1599 conspexemmt,
1021 1518 1120 1600 atque
1133 1506 1168 1573 in

108 1630 188 1699 spem
216 1610 328 1679 auxilii
355 1625 542 1697 venerunt,
564 1608 710 1679 clamore
740 1608 871 1679 sublato
902 1633 994 1679 arma
1024 1634 1167 1705 capere,

104 1728 208 1805 portas
225 1716 398 1804 claudere,
412 1741 547 1786 murum
561 1702 729 1811 comple're
745 1730 928 1812 coeperunt.
948 1716 1168 1785 Centuriones

105 1819 134 1887 in
154 1823 296 1917 oppido,
313 1835 417 1918 quu'm
430 1848 471 1891 ex
482 1808 927 1918 significationcGallorum³
947 1824 1025 1891 novi
1043 1821 1168 1916 aliquid

105 1926 142 1993 ab
162 1927 209 1998 ltis
229 1932 304 1999 iniri
323 1929 449 1999 consilii
467 1929 721 2016 intellexissent,
741 1928 856 2024 gladiis
877 1929 1031 1999 districtis
1053 1943 1167 2024 portas

21 2045 22 2098 t
104 2050 367 2129 occupaverunt,
388 2060 531 2130 suosque
550 2060 669 2108 omnes
694 2035 877 2105 incolumes
898 2051 1105 2131 receperunt.

151 2144 242 2211 XIII.
277 2145 389 2213 Ctesar
400 2168 441 2211 ex
452 2143 567 2212 castris
580 2143 764 2236 equitatum
777 2143 873 2211 educi
882 2142 992 2236 jubet,
1003 2142 1169 2237 praelium·

21 2311 22 2320 ,
105 2271 162 2340 que
175 2264 327 2343 equestre
345 2251 522 2327 committit
532 2247 558 2318 ¹:
577 2248 803 2317 laborantibus
816 2249 887 2341 jam
902 2251 967 2319 suis
982 2252 1169 2319 Germanos

21 2371 22 2394 ¹
100 2355 219 2446 equites
240 2357 372 2426 circiter
392 2358 456 2425 CD
483 2354 670 2441 submittit,
689 2379 773 2448 quos
795 2346 837 2423 ab
858 2356 950 2424 initio
973 2380 1085 2423 secum
1107 2355 1168 2423 ha·
1271 2404 1275 2415 ,

101 2458 174 2528 bere
190 2463 384 2531 instituerat.
407 2464 534 2532 Eorum
554 2463 715 2555 impeturn
734 2458 821 2528 Galli
843 2462 1003 2528 sustinere
1015 2476 1091 2527 'non
1107 2486 1166 2556 po·

22 2595 23 2630 1
99 2574 246 2659 luerunt,
263 2584 362 2663 atque
374 2570 408 2635 in
429 2568 543 2663 fugam
559 2567 719 2661 conjecti,
736 2564 849 2634 multis
865 2567 1015 2653 amissis,
1034 2591 1104 2635 sese
1124 2566 1166 2635 ad

98 2780 153 2832 scil.
164 2779 416 2853 etVercinget.illos
429 2774 463 2832 ad
470 2778 607 2845 dextram,
654 2792 658 2800 ’
689 2775 948 2847 3.Eusr'gnificatioue
955 2776 1091 2830 Gallorum.
1098 2775 1167 2828 Nam

102 2858 168 2914 bunc
189 2861 223 2914 ad
241 2858 336 2915 larvam
353 2873 452 2913 stantes
467 2861 496 2912 in
512 2861 608 2924 umis,
651 2856 1170 2930 qunmsermonemnonintelligerent,ex

102 2941 139 2992 rel
155 2953 185 2995 nt
205 2941 293 2994 nostri
312 2939 431 2993 dicerent
443 2958 450 2993 :
464 2946 532 2991 etant
542 2952 609 2991 entre
651 2934 1169 3009 signisvelnutibns,quibusinterseGal·

102 3018 158 3073 deus
166 3024 241 3089 seue,
264 3022 323 3093 ipse
343 3040 371 3073 se
392 3020 501 3093 ancipiti
516 3020 608 3091 praelio
651 3018 1026 3087 liutebantur,conjecturarn
1040 3017 1167 3070 fecerunt.

101 3102 392 3173 commiseritlproetera
403 3119 465 3167 cur,
476 3100 609 3171 qunmille
692 3098 758 3151 Car.
766 3098 843 3149 XIII.
856 3114 880 3150 ι.
889 3098 1051 3167 Proelr'umque
1062 3108 1168 3168 equestre

100 3179 215 3235 tenderet
225 3179 260 3233 ad
272 3180 366 3245 Boios,
379 3194 457 3253 capto
470 3177 610 3231 Noviodu·
653 3176 1169 3246 committitflotmanusruavultproeliunu

100 3278 143 3326 no,
156 3262 361 3327 munisset,
369 3275 396 3315 et
407 3261 549 3313 Avaricum
560 3260 610 3311 ob·
652 3276 697 3328 que
702 3267 809 3328 equestre
816 3256 1006 3325 committi,quia
1015 3256 1103 3309 Casan
1112 3274 1168 3307 non

99 3358 213 3395 murus
225 3342 345 3407 veniret,
358 3339 448 3413 potius
463 3356 544 3411 quam
559 3338 610 3390 iter
653 3336 710 3409 ipse
729 3334 882 3405 pugnabat,
897 3347 927 3387 ut
952 3346 1062 3406 apparet
1083 3353 1115 3386 ex
1136 3354 1168 3386 eo

100 3422 243 3495 inceptum
258 3420 418 3475 conficeret?
426 3420 500 3486 Quin
512 3420 609 3484 immo,
653 3414 727 3487 quod
733 3414 882 3465 Germanos
895 3413 997 3483 equites
1009 3424 1101 3483 postea
1108 3414 1168 3465 snb·

99 3498 610 3573 dicitur,c.16,Vercinget0rigemexer·
653 3494 765 3547 miserit.
773 3490 826 3545 Sed
837 3493 951 3545 hocnon
964 3491 1168 3563 impedit,quo·

99 3581 178 3635 citum
190 3600 333 3634 romanum
349 3580 498 3634 minoribus
509 3578 612 3633 itineri·
653 3573 855 3644 rnimnvulgata
864 3572 942 3625 lectio
952 3572 1035 3642 possit
1049 3570 1167 3625 defendi.

98 3660 143 3716 bus
157 3662 331 3716 subsecutum
346 3679 417 3714 esse:
437 3660 535 3733 quibus
552 3671 611 3711 tan·
654 3657 723 3709 Nam
734 3671 819 3725 quum
832 3654 907 3723 jussu
923 3652 1032 3705 Ctesaris
1046 3651 1169 3722 prelium

69 3742 74 3757 '
97 3740 156 3796 dem
162 3742 316 3806 itineribus,
323 3741 366 3794 vel
372 3739 613 3813 minimis,potuis·
654 3748 710 3789 erat
723 3734 908 3798 commissum,
924 3732 981 3804 ipse
995 3750 1047 3803 pro
1057 3731 1170 3783 solemni

97 3835 147 3890 set,
155 3822 273 3876 distante
285 3822 376 3876 Nouarr
382 3833 497 3892 quatuor
506 3831 611 3874 tentum
654 3816 816 3887 scriptorum
828 3829 891 3878 usn,
900 3828 1018 3884 pugnam
1031 3812 1117 3864 fucere
1127 3809 1169 3862 di·

96 3900 177 3957 leucis
199 3904 234 3954 ab
253 3900 386 3955 Avarico?
399 3900 463 3953 Hac
477 3900 567 3953 omniu
584 3911 618 3960 et
655 3897 733 3950 citur.
750 3894 794 3947 Sic
805 3910 847 3965 ap.
864 3892 925 3945 Sall.
941 3892 1002 3963 Jug.
1018 3910 1042 3944 c.
1063 3894 1099 3944 ²6
1110 3890 1170 3943 :Ju-

96 3983 194 4038 rationi
209 3980 337 4046 militari,
352 3994 379 4034 et
391 3980 489 4033 rationi
503 3996 611 4051 geogra-
654 3976 868 4047 guttumomnes
876 3970 1115 4043 puberustuidus,
1129 3982 1170 4021 ot·

96 4062 181 4132 phicae
197 4074 358 4134 repugnant.
373 4061 433 4125 Qua
454 4071 565 4132 propter
586 4071 613 4111 et
656 4076 701 4129 que
708 4058 871 4124 negociatores
874 4054 1020 4123 promiscue,
1030 4055 1068 4104 uti
1072 4055 1171 4123 quisqu

96 4145 177 4196 rerba
189 4142 298 4214 vulgata
311 4158 401 4206 servo,
412 4153 440 4197 et
451 4140 614 4210 interpretor
657 4133 845 4189 amatisobrlus
850 4134 947 4199 fuerat,
957 4132 1088 4198 interfluit:
1097 4126 1170 4203 quod

97 4222 379 4296 Nervi-speltarum.
489 4247 492 4251 ⁴
657 4214 730 4276 idem
741 4214 812 4268 valet
824 4232 868 4278 ac,
882 4210 983 4285 interfici
987 4214 1070 4282 jussit.
