3000 5034
282 442 354 512 un
381 440 554 510 nunno
581 438 830 509 einrico.
859 441 956 510 mn.
982 444 1032 509 11.
1147 466 1196 539 79

122 575 191 668 pitu
213 597 253 643 ac
276 572 425 643 tumultu
443 574 558 643 castris
575 573 718 667 egressi,
732 570 825 641 nullo
840 587 931 643 certo
945 572 1078 662 ordine,
1088 599 1196 671 neque

122 681 279 776 imperio,
298 705 402 774 quum
422 680 485 750 sibi
501 680 638 774 quisque
650 680 795 774 primum
809 680 932 749 itineris
946 679 1058 751 locum
1069 697 1208 775 peteret¹

122 800 152 855 et
171 787 313 856 domum
342 788 516 881 pervenire
543 800 756 881 properaret,
770 784 940 874 fecerunt,
958 802 997 856 ut
1017 788 1195 859 consimilis

120 893 203 987 fugae
235 892 401 988 profectio
423 893 600 963 videretur.
622 894 695 963 Has:
717 916 755 961 re
771 889 885 961 statim
905 895 1018 963 Cesar
1038 916 1100 989 per
1121 920 1193 992 spe·

120 999 285 1069 culatores
313 1001 465 1095 cognita,
482 998 616 1069 insidias
636 1000 762 1069 veritus
775 997 798 1087 ¹,
809 999 919 1095 quod,
935 1025 1001 1093 qua
1024 1000 1066 1069 de
1094 1026 1194 1073 causa

118 1104 501 1194 discederent,nondum
512 1120 741 1201 perspexerat,
750 1108 932 1180 exercitum
946 1108 1193 1204 equitatumque

119 1214 232 1282 castris
254 1214 427 1283 continuit.
447 1214 557 1281 Prima
574 1211 668 1301 luoe,
683 1211 881 1282 confirmata
896 1238 933 1283 re
951 1214 994 1283 ab
1011 1212 1194 1309 explorato

118 1318 225 1407 ribus,
245 1344 382 1389 omnem
404 1322 606 1414 equitatum,
624 1321 682 1414 qui
700 1320 918 1391 novissimum
939 1344 1061 1415 agmen
1083 1348 1192 1391 mora·

118 1440 218 1512 retur,
233 1428 402 1521 praemisit.
417 1428 477 1495 His
491 1428 533 1516 Q.
550 1424 688 1495 Pedium
698 1423 721 1515 ²,
734 1440 769 1496 et
785 1428 825 1495 1.
837 1426 1100 1497 Aurunculeium
1112 1432 1192 1499 Cot·

118 1517 205 1599 tam³
222 1536 369 1629 Legatos
391 1533 546 1628 praefecit.
558 1536 595 1601 T.
610 1533 795 1603 Labienum
812 1535 975 1627 Legatum
996 1559 1073 1603 curn
1090 1532 1191 1630 legio·
1213 1578 1216 1582 <

118 1637 210 1708 nibus
223 1640 331 1709 tribus
344 1640 499 1735 subsequi
513 1641 618 1733 jussit.
633 1641 694 1727 Hi,
708 1639 905 1709 novissimos
918 1639 1027 1709 adorti
1039 1655 1074 1709 et
1087 1640 1193 1711 multa

117 1742 214 1813 millia
243 1772 402 1841 passuum
429 1748 616 1843 prosecuti,
630 1770 788 1840 magnam
809 1744 1053 1817 multitudinem
1075 1771 1192 1817 eorum

117 1847 313 1944 fugientium
343 1853 576 1939 conciderunt,
591 1878 694 1947 quum
721 1852 765 1921 ab
791 1867 942 1923 extremo
970 1855 1101 1948 agmine
1113 1841 1137 1942 ⁴,
1150 1854 1192 1923 ad

116 1979 194 2048 quos
209 1974 352 2029 ventum
367 1974 455 2047 erat,
469 1962 703 2046 consisterent,
720 1960 916 2053 fortiterque
935 1961 1098 2055 impetum
1120 1986 1193 2030 nos-

13 2062 17 2091 *
103 2076 241 2141 ,trorum
267 2066 410 2135 militum
433 2068 651 2154 sustinerent3
668 2052 884 2161 prioresque⁵
901 2058 1015 2161 (quod
1037 2067 1192 2137 abessea

115 2170 261 2261 periculo
280 2173 485 2260 viderentur,
498 2197 605 2267 neque
623 2171 690 2240 ulla
708 2174 920 2260 necessitate,
932 2197 1039 2267 neque
1053 2175 1193 2268 imperio

115 2272 408 2369 continerentur),
426 2278 580 2347 exaudito
599 2276 763 2366 clamore,
779 2278 981 2373 perturbatis
1002 2279 1191 2368 ordinibus,

115 2406 227 2455 omnes
249 2387 285 2453 in
308 2385 389 2479 fuga
415 2385 476 2453 sibi
506 2370 720 2479 praesidium6
744 2398 916 2477 ponerent.
941 2386 995 2452 Ita
1025 2385 1094 2453 sine
1123 2386 1191 2454 ullo

114 2490 261 2581 periculo
293 2506 422 2559 tantam
456 2516 573 2561 eorum
603 2490 847 2559 multitudinem
882 2490 988 2557 nostri
1018 2490 1191 2561 interfece-

113 2610 208 2685 runt,
228 2613 393 2691 quantum
416 2598 478 2666 fuit
505 2598 570 2666 diei
591 2599 760 2692 spatium;
782 2596 844 2665 sub
865 2618 1087 2690 occasumque
1114 2596 1191 2667 solis

78 2771 80 2775 .
113 2698 340 2791 destiterunt7,
355 2729 454 2799 seque
482 2706 516 2772 in
547 2702 676 2791 castra,
696 2718 734 2772 ut
765 2716 837 2771 erat
861 2701 1084 2797 imperatum,
1100 2693 1189 2775 rece·

112 2824 243 2901 perurit.

163 2918 243 2983 XII.
269 2917 430 2986 Postridie
452 2916 522 3011 ejus
545 2917 609 2985 diei
631 2920 764 3006 Caesar,
784 2918 876 3012 prius
899 2942 999 3012 quam
1021 2940 1055 2986 se
1078 2917 1190 2987 hostes

113 3045 151 3089 ex
172 3022 325 3091 terrore¹
342 3048 381 3096 ee
404 3023 484 3117 fuga
505 3025 710 3118 reciperent,
729 3026 764 3093 in
785 3024 868 3094 lines
890 3025 1188 3120 Suessionum,qui

149 3224 215 3277 Cir.
233 3224 282 3277 XI.
307 3242 331 3276 1.
350 3224 454 3275 Insidias
473 3227 572 3277 rorice.
587 3225 627 3277 Ex
670 3224 762 3277 bernis
789 3242 888 3287 cesus,
906 3236 937 3275 ut
955 3225 1076 3294 legetur,
1094 3225 1141 3279 lib.
1161 3245 1188 3279 r.

112 3300 212 3356 inscitia
224 3303 287 3356 loci.
303 3304 373 3368 Dio,
385 3322 474 3356 xxxix.
489 3322 513 3357 a.
526 3306 625 3376 Καῖσαρ
712 3310 738 3366 4.
757 3303 800 3355 At
820 3315 924 3354 mmm
943 3307 1047 3372 agruim.
1062 3302 1095 3355 ld
1107 3317 1148 3357 ert
1169 3305 1189 3357 ii

112 3378 154 3440 di,
177 3383 281 3453 inqm't,
300 3384 390 3453 ᾔσθετο
409 3384 453 3455 pir
468 3385 496 3436 rb
512 3385 628 3455 γιγνόμ-
670 3384 699 3435 in
712 3394 830 3465 extrepno
843 3382 955 3453 agmine
971 3382 1010 3434 Μ.
1262 3380 1266 3390 ’

111 3468 157 3513 ναν·
165 3463 209 3514 οὐκ
216 3462 338 3534 ἐτόλμησε
346 3458 375 3514 dl
384 3467 448 3533 opole
455 3464 532 3527 ιὺθὺς,
540 3464 628 3533 ἀγνοίᾳ
713 3463 738 3515 5.
756 3463 1190 3531 lmpemm...mrtm.;prtom·

110 3547 157 3593 τῶν
169 3550 278 3612 χωρῶν,
290 3538 428 3605 ἐπιδιῶξαι.
671 3562 723 3613 que.
738 3542 810 3593 Bene
825 3540 863 3592 sie
880 3540 1052 3611 interpungo,
1066 3560 1099 3593 ex
1114 3540 1186 3595 Orod.

151 3640 178 3673 α.
192 3622 241 3673 Hr‘s
256 3622 290 3691 Q.
306 3620 416 3674 Pedium.
435 3622 476 3674 Ita
491 3618 570 3675 codd
585 3622 627 3674 vel
671 3622 729 3685 alii,
740 3621 856 3691 impetur
864 3623 1013 3672 mennae
1020 3622 1185 3683 Prienam.

112 3702 156 3765 r'r'r,
174 3719 223 3771 per
241 3701 373 3773 egregiam
383 3701 536 3771 Synthesin.
557 3702 628 3774 Idale
670 3702 739 3754 male
753 3714 781 3753 et
795 3702 898 3772 ingrato
913 3718 999 3753 reum.

110 3780 270 3833 recentiores
286 3793 425 3834 mutarunt
438 3782 467 3834 iu
482 3786 555 3853 eique.
574 3780 626 3837 Oa.
712 3784 738 3834 6.
749 3781 901 3833 Pmtdtue.
917 3780 1036 3833 Nonnul.
1045 3771 1184 3833 miiitum.

107 3890 149 3901 -
160 3860 274 3913 Pedium,
288 3862 329 3913 De
342 3878 374 3913 eo
388 3858 442 3914 rid.
456 3878 514 3932 sup.
524 3878 547 3914 o.
564 3880 589 3914 r.
671 3861 837 3916 Peucissiruit
856 3861 1001 3931 attigerunt
1017 3860 1087 3913 banc
1106 3879 1185 3931 expe-

150 3940 180 3992 3.
195 3941 224 3992 L.
234 3940 423 3993 Aunmcutetum
434 3941 540 3995 Cottam.
549 3940 628 3993 Cotta
670 3940 800 3994 ditionem
812 3941 865 3993 Dio
879 3936 952 3995 Cau.
966 3953 994 3992 et
1005 3940 1140 3994 Plutarch.

109 4036 140 4069 ex
152 4033 231 4090 gente
252 4020 431 4073 Aunmeuleia
450 4021 553 4092 plebeia
568 4022 627 4074 fuit.
700 4028 728 4091 72
736 4022 892 4073 boemerum.
902 4019 1020 4073 Subnudi
1027 4019 1185 4073 interfluere.

110 4096 205 4151 Postea
224 4118 287 4153 cum
307 4100 399 4153 multis
419 4100 574 4153 cohortibus
595 4102 627 4153 ab
671 4100 742 4153 Male
755 4114 853 4153 recent.
867 4098 927 4154 edd.
938 4100 1158 4170 destiterwrtoepu‘.

111 4176 266 4253 Ambiorige
279 4180 438 4233 Eburonum
453 4199 527 4252 rege,
543 4180 570 4233 in
586 4180 627 4235 hi·
713 4174 778 4232 Crr.
795 4181 857 4233 ΧΠ.
874 4200 898 4233 r.
915 4181 1023 4234 Terrore.
1034 4180 1076 4233 At.
1085 4199 1183 4251 parcre.
1255 4178 1257 4183 ’
