3000 5034
320 481 409 573 ma
474 483 512 551 c.
540 480 681 549 auin
709 425 943 545 cassius
971 475 1244 546 conuaur.

313 615 540 711 rapiditatem,
560 595 849 703 altinidinemque⁴
867 604 1026 696 fluminis,
1038 623 1151 679 tamen
1169 610 1203 678 id
1222 610 1283 680 sibi
1304 636 1383 682 con·

313 721 535 807 tendendum,
552 733 610 787 aut
624 716 717 785 aliter
731 740 800 784 non
814 714 1095 784 transducendum
1106 717 1286 785 exercitum
1301 722 1382 788 exis·

313 828 460 898 timebat.
478 827 654 894 Rationem
672 824 773 917 igitur
788 822 899 916 pontis
914 820 1026 890 hanc
1018 823 1164 890 mstimu
1183 824 1289 917 Tigna
1307 824 1384 893 bina

314 931 551 1028 sesquipedalia
557 918 730 1025 ⁵,paulum
745 928 808 996 ab
800 952 867 996 imo
881 912 1079 1022 praeacuta⁶,
1090 926 1238 997 dimensa
1256 929 1299 997 ad
1318 930 1385 998 alti·

267 1044 268 1051 '
312 1039 480 1110 tudinem⁷
493 1038 654 1123 fluminis,
669 1032 843 1104 intervallo
863 1033 987 1129 pedum
1007 1032 1174 1102 duorum
1164 1049 1251 1104 mter
1267 1060 1301 1103 se
1314 1036 1385 1128 jun

289 1155 292 1162 '
312 1146 419 1242 gebat.
437 1147 517 1214 Haec
539 1166 674 1271 quum8
662 1139 985 1210 machinationibus
976 1141 1121 1209 immissa
1134 1140 1169 1209 in
1183 1139 1308 1211 flumen
1329 1143 1384 1211 de-

311 1253 453 1321 fixerat·
436 1234 674 1342 ,fistucisque8
690 1247 862 1341 adegerat,
874 1271 943 1314 non
963 1243 1114 1315 sublicae⁹
1129 1246 1230 1316 modo
1251 1247 1385 1318 derecta

312 1359 354 1428 ad
377 1354 669 1454 perpendiculum,
686 1353 744 1423 sed
766 1376 873 1447 prona
893 1376 932 1421 ac
953 1351 1124 1446 fastigata,
1140 1367 1179 1421 ut
1201 1352 1384 1423 secundum

311 1480 466 1533 naturam
488 1463 631 1532 fluminis
648 1459 926 1555 procumberentz
946 1460 982 1527 iis
1002 1460 1081 1527 item
1103 1461 1270 1528 contraria
1289 1460 1385 1549 bina,

311 1571 354 1641 ad
377 1569 532 1639 eumdem
558 1567 695 1637 modum
718 1567 856 1660 juncta,
882 1563 1055 1634 intervallo
1088 1565 1211 1659 pedum
1242 1565 1385 1660 quadra-

310 1702 434 1773 genum
451 1674 487 1763 ¹⁰,
507 1674 549 1742 ab
566 1673 720 1744 inferiore
739 1686 851 1765 parte,
869 1685 987 1739 contra
1010 1672 1078 1739 vim
1103 1672 1203 1765 atque
1223 1672 1384 1767 impetum

310 1784 455 1852 fluminis
478 1803 639 1850 conversa
665 1778 838 1848 statuebat
866 1780 945 1845 Haec
970 1791 1110 1870 utraque
1135 1780 1269 1873 insuper
1292 1779 1385 1874 bipe-

310 1888 438 1958 dalibus
456 1886 604 1955 trabibus
618 1885 769 1953 immissis
775 1884 958 1980 ,[quantum
973 1906 1089 1952 eorum
1106 1885 1274 1979 tignorum
1290 1886 1386 1979 junc-

338 2114 379 2171 4.
393 2106 607 2177 Altiaadiaemque.
622 2104 684 2157 Non
694 2104 781 2157 solum
790 2102 825 2156 de
868 2104 932 2157 hinc
944 2116 972 2157 et
980 2102 1043 2157 inde
1054 2122 1111 2156 non
1123 2102 1237 2179 directa,
1250 2102 1297 2158 sed
1301 2124 1385 2178 prona

309 2187 425 2252 excelso,
438 2184 484 2239 sed
495 2184 528 2238 de
543 2183 679 2256 profundo
695 2183 803 2237 dicitur.
868 2197 895 2236 et
897 2185 1055 2253 fastigatum
1063 2182 1174 2237 modum
1182 2185 1278 2256 fastigii
1287 2200 1383 2241 essent.

352 2267 378 2319 5.
398 2265 587 2337 Sesquivedalia.
607 2262 685 2316 Pedis
700 2260 808 2327 unius-
815 2263 1051 2328 ;—Secundum
1069 2266 1308 2336 naturamstumr'ais.
1324 2266 1385 2319 Hoc

310 2344 344 2399 ad
358 2343 559 2399 crassitudinem
573 2344 652 2395 refer.
868 2342 939 2395 Galli
954 2340 1067 2396 dicunt:
1087 2344 1153 2395 selon
1172 2344 1194 2394 le
1205 2343 1241 2413 sil
1257 2346 1288 2396 de
1307 2346 1328 2396 l'
1328 2367 1383 2399 ean.

352 2422 825 2494 6.Ab1m0praeacuca.anferr0prae·
867 2421 959 2475 Nostri
974 2421 1078 2475 codices
1092 2440 1162 2494 regg.
1177 2425 1232 2493 jam
1247 2424 1321 2477 citati
1336 2426 1385 2478 ha·

308 2505 381 2557 fixo?
393 2504 517 2569 minime,
536 2501 632 2569 cred0‚
652 2501 699 2555 sed
714 2503 824 2555 fortasse
866 2502 949 2555 bent:
965 2522 1014 2553 non
1028 2501 1126 2554 sublicae
1146 2503 1216 2555 modo
1231 2504 1336 2557 derectoe
1352 2506 1386 2558 ad

307 2583 538 2657 lignopraeustoin
551 2582 663 2634 formam
673 2582 824 2648 mucronis,
864 2582 1066 2652 perpendiculum,
1074 2582 1382 2654 sedpronoeacsastigatoe,

308 2684 363 2737 quo
377 2664 479 2717 facilius
491 2663 577 2715 solum
591 2674 750 2733 penetraret.
867 2672 901 2722 ut,
909 2674 953 2713 etc.
959 2661 994 2713 Et
999 2679 1057 2713 eam
1062 2661 1382 2735 lectionempraetulerim.

350 2764 377 2814 7.
393 2746 511 2796 Dimensa
525 2743 561 2793 ad
573 2741 733 2793 altitudinem.
750 2741 823 2792 Lon-
865 2741 1052 2810 -Fastigata
1063 2742 1248 2812 celsastigatrc‚
1263 2747 1384 2812 nonsas·
1405 2770 1408 2775 ·

306 2824 382 2894 giora
392 2823 434 2875 vel
443 2822 578 2886 breviora,
587 2832 670 2891 prout
677 2820 755 2871 altior
765 2821 824 2872 bre·
867 2819 1047 2889 agintaflinc
1053 2821 1200 2891 fastigatio,
1215 2823 1323 2876 verbale
1335 2844 1384 2877 no·

307 2903 400 2954 viorve
414 2914 480 2954 esset
496 2900 613 2952 flunrinis
630 2900 727 2952 alveus.
747 2901 823 2952 Atta-
865 2917 936 2954 meu.
946 2900 1015 2953 Plin.
1028 2900 1382 2966 xv11,c.24:Calamiexa-

308 3000 370 3033 men
383 2982 525 3051 surgebant
540 2992 612 3032 extra
624 2978 740 3043 flumen,
756 2980 821 3031 alio·
865 2983 930 3030 cutio
943 2978 1071 3031 medidiem
1083 3000 1113 3031 ne
1124 2982 1213 3044 auden
1223 2986 1290 3033 tenui
1301 2995 1382 3036 tamea

308 3061 374 3132 quin
389 3060 457 3114 nulli
472 3060 532 3112 usui
546 3070 632 3113 essent
643 3059 740 3111 sutura.
857 3056 948 3127 fistula
960 3060 1073 3129 detegam
1086 3072 1114 3111 ut
1119 3062 1252 3131 fastigatio
1265 3063 1313 3115 tevi
1326 3065 1383 3116 des-

349 3143 376 3195 8.
383 3141 410 3193 F
409 3143 498 3192 &tucis
506 3139 610 3191 Fistuca
616 3138 761 3209 generatim
768 3158 823 3191 ma·
864 3138 1046 3200 cendatcrmeo,
1061 3140 1136 3191 tribus
1150 3160 1197 3193 aon
1211 3141 1329 3212 ampliore
1341 3144 1382 3195 di-

307 3218 386 3273 chuia
396 3238 447 3291 qua
456 3220 509 3291 pah
521 3217 704 3279 tunduntur
696 3232 732 3270 ita
740 3219 821 3270 utal
863 3221 932 3287 gitis.
939 3219 1106 3290 -Etpaulo
1114 3220 1184 3272 mira
1193 3224 1300 3292 :juncta
1310 3221 1381 3276 cod.

307 3300 360 3352 tius
386 3300 532 3379 infigantur
554 3299 628 3363 solo,
654 3310 699 3350 aut
720 3296 821 3369 lapides
866 3298 942 3368 5763
957 3300 1064 3368 junctu
1079 3300 1144 3351 alter
1163 3320 1227 3353 vero
1248 3302 1380 3372 disjuncta.

307 3398 386 3432 invia
394 3381 468 3432 strati
476 3379 690 3450 complanantur
696 3376 821 3431 indeduo
864 3377 946 3442 Quasi
958 3378 1010 3430 hoe
1021 3380 1169 3471 compositp
1182 3382 1269 3434 Caesar
1279 3382 1382 3435 intelli·

306 3456 461 3512 fistucarum
473 3478 576 3531 genera
592 3459 657 3510 Alias
672 3456 705 3509 ad
719 3456 821 3529 lapides
862 3476 936 3550 gere·
949 3458 1089 3524 voluisset,
1103 3478 1130 3511 se
1154 3460 1191 3512 ita
1217 3462 1282 3513 bina
1306 3463 1382 3534 tigna

307 3557 352 3591 seu
361 3540 510 3611 pavimenta
519 3536 726 3609 complananda,
739 3556 821 3590 manu
861 3537 992 3607 junxisse,
1007 3550 1039 3590 ut
1053 3551 1141 3591 tamen
1153 3540 1293 3593 intervallo
1308 3540 1380 3595 duo·

307 3619 410 3689 opificis
426 3620 565 3672 sublevatae
577 3630 603 3670 et
611 3618 820 3689 immissae‚quas
863 3635 924 3669 rum
942 3615 1042 3688 pedum
1062 3616 1206 3685 distarent,
1221 3621 1263 3673 uti
1285 3623 1382 3674 scribit

306 3711 402 3751 vocant
410 3699 568 3759 damaeta„
580 3697 636 3749 atio
649 3697 775 3749 trochleis
785 3698 821 3749 le·
862 3714 942 3768 supra
954 3709 984 3748 et
997 3715 1069 3751 mox.

306 3791 385 3843 rata,
403 3791 430 3830 et
446 3797 538 3831 rursus
555 3775 673 3829 demissae
685 3776 714 3827 in
729 3778 817 3851 palos,
906 3776 1155 3848 10.1Quadrageaum
1164 3780 1255 3850 pediam
1269 3779 1302 3831 ab
1318 3783 1381 3849 r'afe-

307 3870 469 3929 quasvocant
477 3856 654 3922 moutousffis,
662 3869 692 3908 ut
699 3869 818 3927 apparet,
862 3858 925 3906 tiore
933 3867 1013 3925 parte.
1026 3855 1059 3908 ld
1073 3871 1126 3922 est,
1142 3878 1157 3910 a
1177 3858 1263 3911 fundo
1280 3861 1310 3912 in
1322 3880 1381 3931 quo

305 3956 369 3991 usus
380 3952 419 3992 est
434 3938 529 3991 Caesar.
746 3968 747 3971 =
861 3932 1382 4011 defigebantur.1ncapiteautemquod·

343 4038 374 4086 9.
394 4016 508 4071 Subltcoe.
531 4017 610 4069 Piens
632 4018 648 4067 ὰ
665 4017 772 4067 souteair
786 4034 818 4065 un
861 4028 992 4067 numerat
1006 4016 1141 4087 spatium?
1153 4018 1180 4071 J.
1195 4020 1304 4090 Lipsius
1317 4022 1382 4075 vult

301 4109 374 4167 pont,
378 4098 471 4167 piloris.
479 4096 623 4149 Necessitas
631 4092 817 4149 vincendivim
860 4094 1381 4170 trigenumpedum,dsa>io‘puc‚sedsine

305 4175 423 4237 fluminis
433 4178 462 4229 in
470 4195 547 4230 causa
554 4190 623 4244 erat,
630 4176 740 4230 curhuc
745 4174 825 4246 tigna'
860 4188 933 4227 certa
943 4175 1054 4228 ratione.
