3000 5034
301 439 372 507 DE
399 436 573 507 BELLO
602 434 851 508 GALLICO.
881 443 978 511 LIB.
1005 444 1031 510 Ι.
1159 444 1207 543 67

142 554 299 636 rieruntt
315 570 401 637 Duae
419 567 494 637 filiae
509 570 648 657 harum,
663 567 766 639 altera
779 573 908 660 occisa,
922 573 1026 643 altera
1039 590 1137 671 capta
1151 593 1210 647 est

143 672 177 739 C.
193 672 350 742 Valerius
370 660 551 744 Procillus⁵
553 700 681 769 ,quum
702 701 723 744 a
744 626 966 747 custodibus
956 704 991 747 m
1018 681 1097 775 firgo
1117 686 1212 754 trinis

141 780 263 848 eatenis
276 782 408 849 vinctus
426 781 646 869 traheretur,
637 806 671 849 m
686 784 796 877 ipsum
810 785 975 853 Caesarem
981 787 1112 873 ,hostes
1125 793 1214 884 equi·

140 897 208 952 tatu
226 902 521 1005 persequentem,
497 872 657 956 ⁶incidit
671 889 757 978 Quae
777 889 911 984 quidem
931 916 984 960 res
999 895 1124 963 Caesari
1143 920 1212 965 non

139 992 301 1061 minorem
311 1018 441 1087 ,quam
467 994 540 1087 ipsa
566 995 705 1063 victoria
715 994 945 1113 ,voluptatem
972 998 1099 1088 attulit3
1122 1003 1213 1096 qnod

138 1095 309 1167 hominem
331 1098 597 1169 honestissimum
619 1102 798 1194 provinciae
813 1100 948 1191 Galliae,
961 1129 1057 1173 suum
1074 1106 1212 1177 familia·

138 1226 207 1271 rem
223 1218 257 1272 et
274 1205 460 1299 hospitem,
474 1220 626 1301 ereptum
647 1228 666 1275 e
688 1208 843 1279 maribus
862 1157 1028 1298 hostium,
1043 1214 1104 1281 sibi
1119 1218 1212 1283 resti·
1222 1288 1228 1299 ,

138 1322 247 1378 tutum
269 1310 422 1379 videbat·
413 1336 545 1405 ;neque
566 1312 636 1407 ejus
658 1311 844 1381 calamitate
865 1314 906 1382 de
928 1330 1021 1385 tanta
1032 1318 1213 1413 voluptate

137 1428 169 1483 et
184 1414 407 1509 gratulatione
429 1418 608 1515 quidquam
622 1418 758 1487 fortuna
780 1420 995 1489 deminuerat
1008 1426 1062 1509 Is,
1077 1445 1112 1493 se
1133 1452 1213 1521 pre·

138 1537 250 1611 sente,
269 1520 312 1592 de
334 1549 369 1592 se
387 1538 437 1595 ter
459 1522 624 1595 sortibus⁷
639 1523 829 1594 consultum
847 1526 997 1615 dicebat,
1009 1543 1123 1597 utrum
1143 1534 1213 1625 igni

138 1631 249 1699 statim
272 1646 460 1719 necaretur,
480 1656 522 1703 an
543 1633 578 1700 in
608 1628 696 1699 ahud
717 1646 848 1726 tempus
870 1650 1122 1705 reservaretur.
1142 1662 1212 1706 sor·

137 1737 218 1809 tium
240 1737 404 1810 beneficio
426 1762 461 1812 se
482 1762 552 1813 esse
573 1736 783 1817 incolumem.
806 1740 893 1808 Item
913 1741 961 1813 M.
982 1729 1142 1818 Mettius⁸
1161 1770 1210 1812 re·

138 1857 267 1937 pertus,
284 1858 320 1913 et
341 1843 397 1913 ad
404 1868 481 1917 eum
502 1843 659 1921 reductus
680 1860 738 1919 est.

187 1952 281 2021 LIV
303 1953 380 2021 IIoe
399 1949 512 2044 ptaebo
534 1965 625 2027 trans
647 1951 805 2027 Rhenum
825 1952 984 2024 runcino
993 1954 1212 2049 ,Suevi,qui

137 2055 222 2123 ad·
195 2080 288 2151 ripas
302 2057 415 2125 Rheni
430 2070 610 2175 venerant,
624 2044 764 2131 domum
778 2058 902 2132 reverti
916 2074 1111 2178 coeperunt;
1103 2086 1212 2155 .quos

136 2161 211 2230 ubi¹
214 2214 225 2250 ,
246 2163 306 2257 qui
323 2165 466 2257 proximi
457 2162 642 2231 Rhenum
658 2162 828 2251 incolunt,
841 2165 1035 2257 perterritos
1053 2167 1212 2255 insecuti,

136 2292 295 2363 magnum
315 2292 358 2337 ex
379 2270 432 2339 his
452 2292 629 2337 numerum
650 2269 853 2340 oeciderunt.
870 2272 993 2360 Cesar,
1010 2296 1078 2339 una
1099 2288 1213 2344 estate

137 2372 265 2444 duobus
293 2377 445 2445 maximis
466 2374 559 2444 bohis
587 2374 764 2463 coniectis,
782 2378 947 2445 maturius
971 2376 1092 2470 paulo,
1110 2402 1212 2471 quam

137 2496 267 2577 tempus
279 2484 358 2554 anni
376 2480 584 2578 postulabat,
598 2484 632 2549 in
646 2475 834 2551 hibernam
846 2484 1016 2579 Sequanos
1030 2487 1211 2553 exereitum

137 2588 447 2657 deduxit:hibernis
459 2587 645 2660 Labienum
666 2588 863 2685 praeposuit:
880 2590 950 2681 ipse
972 2590 1006 2655 in
1025 2591 1211 2659 citeriorem

138 2693 279 2764 Galliam
302 2694 344 2762 ad
362 2692 566 2765 conventus²
581 2694 727 2789 agendos
748 2694 917 2789 profectus
938 2708 997 2762 est

176 2904 203 2961 4.
226 2896 341 2968 Utraque
355 2900 486 2967 perierunt.
509 2896 550 2947 Ita
572 2893 651 2949 codd.
697 2893 762 2946 vid.
776 2914 848 2965 supr.
862 2913 920 2965 cap.
934 2893 1094 2965 precedenti
1108 2909 1164 2951 not.
1184 2917 1209 2952 1.

138 2976 214 3047 vulgo
228 2986 329 3047 utroque
337 2980 420 3046 periit.
431 2973 498 3029 cod.
509 2976 583 3045 5763
592 2974 651 3027 vul·
697 2972 783 3026 Codd.
797 2974 881 3027 nostri
892 2974 991 3027 habent
1004 2994 1062 3046 quos
1073 2976 1122 3029 ubi.
1146 2984 1150 2988 '

20 3064 23 3077 '
138 3068 221 3125 getam
235 3055 353 3109 exhibet.
738 3072 763 3105 a.
781 3053 923 3106 Conventrn.
938 3053 997 3105 Hoc
1016 3054 1076 3106 loco
1097 3068 1125 3107 et
1146 3055 1210 3109 alibi

177 3136 202 3188 5.
217 3135 248 3188 C.
273 3135 386 3187 Valerius
406 3134 535 3186 Procillus.
557 3134 597 3187 De
619 3152 651 3187 eo
694 3133 1209 3204 euntconventusbominumprorineia·

138 3212 190 3268 vid.
206 3233 302 3285 supra,
313 3214 410 3279 XVII,
422 3212 535 3265 XLVII.
693 3210 762 3263 lium
774 3212 802 3263 in
813 3211 891 3264 certis
904 3212 1027 3276 urbibus,
1038 3230 1097 3283 quae
1107 3227 1135 3266 et
1145 3216 1209 3286 ipseo

176 3292 651 3367 6.Hostesequitatupersequentem.Ita
694 3288 1208 3355 dicuntureonventus.GalI.,ksetatsde

137 3372 315 3443 probatissimi
334 3370 413 3425 codd.
436 3384 462 3424 et
483 3369 546 3424 edd.
561 3371 651 3442 Vulgo
695 3370 721 3421 la
729 3373 852 3440 province.
869 3369 1011 3439 Pompeius
1029 3370 1137 3436 Festus,
1150 3390 1186 3424 111
1200 3391 1208 3425 ε

139 3453 264 3505 'ortunae
250 3458 381 3525 quitatum
387 3470 455 3522 pert
455 3463 570 3523 quentem.
696 3448 830 3501 Conventus
845 3459 949 3519 quotuor
966 3448 1042 3498 nodab
1057 3452 1206 3519 intelligimr.

176 3552 202 3602 7.
220 3531 339 3585 Sortibus.
363 3532 403 3583 De
430 3531 544 3584 sortibus
568 3526 650 3581 modo
698 3527 789 3593 Uno,o
775 3527 1099 3599 cumquemt'ibethonunron
1113 3531 1207 3583 abatt-

140 3608 268 3687 diximum
259 3611 314 3664 ·.C
330 3611 362 3663 L.
694 3627 740 3679 quo
762 3618 898 3659 conventren
918 3626 967 3658 esse
987 3606 1100 3670 dv'civnus,¹
1094 3610 1206 3677 ·,aloem

173 3693 199 3745 8.
208 3650 318 3745 Mettius
326 3690 390 3762 Ejus
396 3688 651 3742 mentiofitinnum-
694 3706 747 3739 cum
762 3686 913 3756 significatur
923 3686 1048 3739 multitudo
1059 3708 1090 3739 ex
1101 3691 1206 3761 complu·

140 3770 187 3823 mis
207 3772 360 3835 Caesarum,
382 3767 452 3840 apud
471 3769 596 3830 Vaillant,
621 3768 650 3819 in
691 3767 759 3819 ribus
772 3767 897 3836 perietibus
912 3768 1030 3820 hommum
1044 3774 1192 3820 connecto
1181 3789 1207 3821 tn

140 3850 233 3919 quibus
247 3849 482 3921 bigae,'1ns1stente
490 3846 595 3901 Pallade
608 3846 651 3900 vel
674 3890 676 3894 .
695 3866 768 3898 unum
783 3847 874 3908 loomm-
888 3851 973 3912 tertio,
983 3866 1036 3899 eum
1046 3867 1063 3897 a
1077 3853 1207 3917 magistra-

141 3928 266 3994 Bellone,
280 3947 341 3981 cum
356 3927 514 3999 epigraphe,
531 3944 562 3981 rt.
579 3944 650 3980 mr·
695 3926 845 3996 tibnsjudicii
851 3927 1205 3997 causnpopuluscongregaturg

142 4025 207 4061 rme.
222 4006 295 4061 Vide
310 4027 368 4079 sup.
377 4008 490 4060 XLVII.
694 4017 794 4077 quarto,
803 4025 855 4057 cum
865 4010 891 4057 in
901 4007 1002 4077 aliquem
1013 4007 1089 4057 lecton
1094 4010 1208 4079 fiequen·

179 4088 242 4141 Cre.
259 4088 333 4141 LIV.
354 4106 378 4139 1.
397 4087 453 4139 Ubi.
473 4085 545 4139 Male
558 4092 651 4137 eontra
695 4089 729 4135 tia
752 4086 871 4137 hominum
887 4086 1066 4155 supplicationis
1087 4099 1132 4139 aut
1146 4108 1207 4159 gn.

99 4184 104 4194 ·
144 4164 217 4221 oodd.
227 4164 575 4238 etedd.vett.reposuerunt
583 4165 648 4227 Ubii,
696 4165 818 4216 ττιΙατίοιιιζε
839 4184 912 4216 carna
933 4165 1062 4234 colligitur.
1085 4166 1208 4222 Secundo

144 4246 187 4315 qui
203 4246 309 4318 longius
325 4246 389 4299 belli
412 4246 515 4299 theatro
533 4246 650 4299 aberent.
694 4242 776 4297 modo
785 4242 995 4315 intelligendum.
1011 4244 1082 4299 God.

979 4348 1021 4422 5.
