3000 5034
541 487 607 564 nr
633 495 836 566 cannis.
1151 499 1229 596 493

153 649 218 721 que
236 629 415 722 promissa,
427 625 558 697 lacertis
572 626 712 723 agilibus
730 642 765 696 et
781 627 950 715 nervosis,
964 625 1050 698 facie
1065 629 1228 728 oblonga,

153 733 211 803 sed
235 733 360 803 nobili:
381 748 602 830 praeterquam
623 734 731 828 quod,
755 760 859 830 quum
879 736 1078 804 irasceretur
1102 737 1227 830 homo,

151 839 365 910 horrentibus
385 840 551 930 crinibus,
569 844 672 935 genis
679 840 891 922 rubentibus,
906 855 940 910 et
957 840 1061 913 oculis
1076 845 1229 918 micanu-

69 947 70 950 ’
150 945 230 1035 bus,
243 946 398 1018 terribilis
411 963 548 1042 aspectu
561 947 674 1035 fieret3
686 963 720 1018 et
732 947 869 1019 habebis
881 946 1056 1018 Gallorum
1069 955 1225 1044 speciem.

149 1055 204 1124 De
229 1052 341 1124 indole
363 1067 397 1123 et
421 1069 541 1125 natura
566 1078 683 1130 eorum
702 1054 841 1143 Strabo,
860 1052 916 1127 lib.
943 1078 992 1142 iv,
1016 1052 1098 1150 195.
1119 1060 1165 1126 Τὸ
1189 1052 1226 1128 δὲ

149 1162 273 1253 σύμπαν
299 1163 396 1254 pabor,
418 1163 569 1230 Γαλλικὸν
594 1162 767 1254 ἀρειμανιόν
795 1187 830 1229 τε
849 1161 901 1230 καὶ
919 1161 1044 1254 θυμικόν
1063 1166 1148 1245 ἐστι,
1173 1168 1226 1234 καὶ

149 1268 230 1359 σσὶχυ
249 1269 326 1360 πρὸς
345 1265 463 1360 μάχην·
484 1265 585 1346 ἄλλως
605 1259 641 1336 δὲ
662 1268 779 1336 διπλοῦν
804 1266 860 1347 ml
874 1272 908 1336 οὐ
933 1268 1094 1348 κακόηθες·
1113 1262 1169 1338 διὰ
1188 1265 1224 1342 dl

151 1383 246 1442 τοῦτο
265 1373 462 1468 ἐρεθισθέντες
481 1375 554 1466 μὲν,
569 1373 674 1468 ἀθρόοι
693 1373 811 1442 συνίασι
830 1375 907 1468 πρὸς
924 1377 997 1453 τοὺς
1016 1374 1154 1469 ἀγῶνας,
1173 1380 1226 1447 καὶ

148 1488 303 1574 φανερῶς,
322 1479 374 1548 καὶ
391 1483 426 1550 οὐ
446 1479 527 1573 μετὰ
544 1477 767 1574 περισκέψεως,
782 1507 813 1547 κ.
829 1507 860 1548 τ.
873 1485 905 1548 λ.
924 1479 1039 1550 Gallos
1054 1483 1156 1576 igitur
1178 1487 1225 1556 ait

146 1583 381 1675 bellicosos,et
392 1601 566 1683 promptos
576 1585 619 1656 ad
628 1585 1065 1682 irascendum,sedingenio
1077 1591 1225 1682 sincero,

148 1680 220 1763 nec·
230 1693 397 1787 maligno,
413 1719 476 1762 nec
491 1693 630 1789 perfido.
650 1692 757 1762 Iidem
773 1694 867 1780 irati,
880 1691 992 1789 palam
1012 1691 1048 1763 ‘et
1067 1713 1225 1793 prompte

147 1816 285 1888 coeunt,
303 1798 362 1870 sed
374 1801 446 1870 sine
459 1800 657 1896 prudentia:
673 1799 763 1881 unde
779 1798 958 1869 calliditate
972 1815 1007 1870 et
1022 1803 1142 1897 peritia
1153 1803 1225 1898 ple·

147 1931 289 2002 rumque
302 1909 498 1996 vincuntur,
511 1907 564 1974 καὶ
578 1917 673 1978 τοῦτο
688 1898 723 1974 δὲ
739 1906 793 2000 μὲν
807 1916 870 1973 τῶν
885 1907 1112 2002 θρυλλουρένων
1127 1912 1223 1997 ἐστιν,

147 2016 198 2082 ὅτι
213 2013 328 2093 πάντες
341 2013 459 2084 Κελτοὶ
475 2012 639 2107 ριλόνεικοί
654 2039 689 2082 τε
699 2013 776 2098 tat,
790 2028 825 2083 et
838 2013 1009 2085 Diodorus
1019 2017 1085 2103 ait,
1098 2041 1156 2086 eos
1169 2017 1224 2088 vel

145 2117 318 2198 levissimis
340 2119 382 2190 de
404 2123 511 2190 causis
529 2122 617 2192 inter
645 2143 716 2190 sese
743 2119 946 2190 contendere
970 2121 1102 2209 solitos,
1122 2125 1223 2204 etiam

32 2281 35 2288 .
143 2227 232 2298 inter
250 2225 570 2312 ooenandum3unde
585 2225 639 2314 fit,
655 2241 695 2296 ut
709 2228 887 2320 saepissime
898 2252 917 2295 e
929 2229 1091 2298 conviviis
1102 2245 1223 2308 exeant

144 2332 304 2430 singulari
322 2331 437 2429 praelio
455 2331 675 2420 decertaturi:
694 2335 747 2421 Τῷ
768 2323 805 2398 δὲ
822 2333 914 2421 ἁπλῷ
933 2333 985 2401 καὶ
1003 2334 1120 2427 θερινῷ
1141 2339 1221 2416 πολὺ

146 2443 183 2510 τὸ
198 2442 330 2516 ἀνόητον
348 2441 400 2508 καὶ
419 2434 783 2534 ιῖλαζονιιιὸνπρόσιστι,
799 2437 853 2518 καὶ
869 2439 907 2505 τὸ
922 2436 1119 2533 ριὶιόιιινσριονο
1136 2444 1221 2512 Sitne

145 2544 284 2641 plicitati
303 2571 420 2623 eorum
438 2544 582 2616 multum
600 2544 908 2617 adesttemeritatis
925 2548 1222 2627 etostentationis:

145 2645 351 2750 quapropter
364 2643 487 2748 passim
506 2655 619 2724 Caesar
635 2667 671 2720 et
685 2652 830 2751 Hirtius,
848 2649 930 2720 dum
946 2650 1122 2725 Gallorum
1143 2678 1223 2732 can·

144 2761 262 2832 dorem
276 2759 429 2848 laudaut,
438 2758 654 2840 nihilominus
670 2760 716 2828 eis
728 2757 934 2851 exprobrant
944 2758 1042 2826 simul
1053 2757 1221 2836 levitatem

143 2869 180 2935 in
191 2867 334 2940 consiliis
344 2866 530 2962 capiendis,
540 2881 574 2936 et
584 2889 703 2961 parum
716 2879 869 2948 tenacem
880 2866 1044 2960 propositi
1054 2867 1221 2938 animuin:

145 2975 225 3047 item
237 2999 342 3044 novas
356 2999 409 3044 res
425 2997 557 3069 semper
576 2971 766 3068 aucupandi
779 2971 942 3059 studium,
959 2972 1054 3066 cujus
1073 2997 1161 3068 saepe
1172 2973 1221 3044 le·

145 3083 256 3158 vitatis
266 3081 427 3178 poenitere
437 3105 525 3150 eose
541 3081 680 3173 vestigio
701 3100 838 3148 necesse
855 3078 996 3161 sitVide
1009 3083 1045 3148 B.
1059 3081 1115 3169 G,
1128 3078 1148 3148 l.
1164 3105 1221 3172 ιν,

145 3214 175 3265 ε,
201 3185 232 3260 5.
252 3189 339 3278 Quae
359 3185 476 3262 levitas
494 3200 528 3256 et
550 3186 790 3272 inconstantia,
807 3182 900 3253 addit
917 3185 1053 3274 Strabo,
1066 3187 1102 3254 in
1120 3211 1222 3258 causa

145 3310 215 3385 est,
229 3321 291 3368 cur
307 3297 451 3364 victores
458 3291 625 3363 exsultent
643 3289 852 3378 insolentius,
870 3292 951 3360 victi
967 3307 1223 3367 consternentur

144 3417 245 3498 atque
268 3403 433 3498 ignaviter
452 3401 593 3497 fugiant„
612 3398 790 3468 Libertatis
810 3411 923 3467 autem
946 3412 1042 3466 erant
1057 3403 1220 3472 amantis-

144 3511 238 3597 simi,
252 3511 333 3604 quin
348 3523 382 3578 et
392 3509 481 3582 acuti
490 3507 642 3600 ingenio,
656 3518 691 3574 et
703 3527 724 3572 a
738 3504 891 3574 doctrina
904 3505 1042 3576 minime
1054 3502 1171 3595 alieni,
1182 3524 1222 3579 ut

144 3616 283 3686 tradunt
295 3616 416 3686 Strabo
435 3629 469 3685 et
485 3612 674 3702 Diodorus;
689 3626 790 3706 atque
805 3612 876 3705 ipse
897 3612 1010 3680 Caesar
1027 3611 1223 3704 confirmat,

143 3749 250 3820 quum
270 3715 313 3794 de
334 3723 529 3794 educatione
552 3734 585 3805 et
599 3717 790 3788 liberalibus
809 3742 928 3787 eorum
940 3719 1097 3789 institutis
1113 3718 1220 3814 loqui·

146 3843 219 3920 tur,
240 3833 276 3904 B.
293 3831 355 3917 G.,
373 3828 466 3914 1.,νι,
483 3851 511 3899 c.
532 3852 579 3917 11,
597 3841 631 3896 et
648 3851 737 3920 seqq.
751 3826 879 3919 Arguto
896 3826 996 3894 etiarn
1014 3827 1220 3921 scienterque

143 3929 377 4037 loquebantur.
402 3933 552 4048 Juyonal.
577 3949 786 4022 satv11,v.
816 3935 915 4028 147:

144 4095 147 4103 ·
226 4075 302 4148 Quis
316 4073 555 4132 benedicentem
575 4070 706 4131 Basilum
721 4069 819 4128 ferat?
833 4068 957 4146 accipiat
971 4077 1001 4124 te
1125 4116 1128 4122 .

227 4171 358 4234 Gallia:
376 4213 511 4230 ......
