3000 5034
307 491 378 557 DE
405 489 579 558 BELLO
607 488 855 559 GALLICO.
884 490 978 560 ΜΒ.
1006 494 1056 560 ΙΙ.
1173 492 1223 565 83

152 621 345 715 conjecisse,
360 648 427 717 quo
448 638 589 719 propter
605 620 743 717 paludes
757 623 916 693 exercitui
926 624 1034 695 aditus
1044 650 1114 695 non
1127 643 1232 709 esset„¹

200 732 311 799 XVII.
324 731 385 799 His
398 731 497 800 rebus
512 731 652 825 cognitis
664 728 686 819 ¹,
699 728 925 825 exploratores
939 733 1225 828 Centurionesque

151 836 335 928 praemittit,
350 838 406 931 qui
427 836 539 909 locum
559 838 716 907 idoneum
739 829 856 907 castris
874 836 1028 933 deligant.
1043 840 1226 937 Quumque

150 966 187 1009 ex
208 941 370 1012 dediticiis
387 942 515 1038 Belgis,
529 941 726 1039 reliquisque
740 942 846 1014 Gallis
858 943 1047 1039 complures
1059 949 1227 1017 Caesarem

151 1051 268 1136 secuti,
283 1073 352 1117 unu
381 1050 444 1119 iter
472 1050 643 1119 facerent:
662 1050 798 1144 quidam
828 1076 871 1121 ex
899 1050 970 1141 his,
987 1067 1026 1121 ut
1048 1068 1165 1147 postea
1185 1080 1228 1125 ex

150 1155 286 1250 captivis
298 1157 470 1249 cognitum
485 1171 554 1246 est,
571 1164 688 1227 eorum
702 1156 833 1228 dierum
849 1159 1088 1229 consuetudine
1102 1162 1227 1230 itineris

150 1263 252 1331 nostri
263 1263 428 1333 exercitus
445 1278 621 1359 perspectu
630 1261 653 1350 ²,
664 1278 763 1335 nocte
777 1264 820 1334 ad
829 1268 864 1335 N
864 1266 972 1335 ernios
987 1281 1229 1360 pervenerim,

150 1382 246 1463 atque
264 1369 303 1439 iis
325 1368 620 1458 demonstrarunt,
641 1371 727 1439 inter
755 1371 901 1465 singulas
921 1369 1068 1466 legiones
1089 1374 1228 1469 impedi·

150 1490 340 1555 mentorum
370 1500 530 1571 magnum
560 1501 738 1548 numerum
771 1478 996 1565 intercedere,
1017 1504 1126 1574 neque
1156 1506 1229 1549 esse

150 1582 330 1677 quidquam
351 1585 616 1678 negotii,*quum
638 1585 745 1678 prima
770 1582 856 1678 legio
877 1586 912 1652 in
934 1600 1043 1657 castra
1064 1587 1230 1674 venisset,

151 1687 351 1819 reliquaeqpe
368 1687 514 1784 legiones
532 1714 690 1785 magnum
713 1692 858 1785 spatium
872 1690 1044 1781 abessent,
1060 1692 1149 1761 hanc
1165 1693 1230 1761 sub

151 1796 287 1865 sarcinis
333 1796 480 1867 adoriri:
504 1820 570 1891 qua
598 1796 713 1891 pulsa,
731 1796 1041 1891 impedimentisque
1069 1798 1230 1893 direptis,

152 1902 322 1991 futurum,
341 1918 378 1973 ut
396 1902 529 1997 relique
546 1918 664 1975 contra
681 1906 861 1975 consistere
882 1929 952 1975 non
970 1904 1140 1975 auderent.
1161 1905 1229 1974 Ad·

148 2008 289 2099 juvabat
300 2010 400 2081 etium
415 2034 532 2081 eorum
550 2009 742 2097 consilium,
755 2012 814 2105 qui
830 2036 902 2079 rem
915 2010 1127 2099 deferebant,
1139 2012 1230 2105 quod

152 2116 266 2185 Nervii
295 2117 497 2211 unuquitus,
516 2142 619 2211 quum
649 2119 798 2211 equitatu
824 2116 906 2186 nihil
937 2130 1088 2211 possent,
1104 2109 1230 2212 (neque

153 2224 240 2291 enim
259 2222 303 2293 ad
321 2223 387 2295 hoc
401 2237 533 2318 tempus
547 2225 578 2294 ei
590 2226 637 2295 rei
655 2224 808 2311 student,
819 2223 1062 2319 sed,quidquid
1073 2240 1241 2320 possunt,

154 2328 361 2422 pedestribus
384 2329 497 2401 valent
516 2324 641 2424 copiis)
662 2356 729 2425 quo
751 2329 879 2401 facilius
898 2330 1117 2402 finitimorum
1139 2333 1231 2425 equi·

155 2438 326 2525 tatum,.si
356 2436 527 2531 praedandi
557 2461 657 2507 causa
686 2436 729 2505 ad
757 2460 814 2507 eos
836 2438 999 2524 venisset,
1014 2437 1231 2531 impedirent,

155 2544 274 2613 teneris
296 2543 471 2613 arboribus
485 2545 595 2614 incisis
616 2558 714 2638 atque
737 2542 865 2613 inflexis
874 2530 899 2637 ⁴,
917 2542 1099 2612 crebrisin
1120 2542 1230 2612 latitu-

172 2788 177 2799 Ι
193 2728 258 2781 Cur.
271 2726 363 2779 XVII.
381 2746 405 2780 1.
417 2726 468 2779 His
480 2726 548 2779 rebus
557 2728 667 2796 cognitis.
714 2725 863 2779 Ameaem‘m
872 2724 977 2778 cumbra
987 2726 1070 2777 militis
1077 2744 1127 2777 esse
1132 2725 1231 2779 dicunt:

156 2808 222 2860 Ante
237 2806 295 2859 haec
310 2806 391 2859 verba
405 2807 485 2877 vulgo
504 2806 590 2861 Cesar
604 2806 670 2877 legi·
715 2806 1232 2885 quoequidqmitcgerunturapte,ut‚siusus

157 2899 206 2940 tur.
223 2884 393 2940 sedcodices
404 2886 484 2939 multi
494 2899 521 2939 et
531 2899 594 2941 vett.
608 2884 669 2939 edd.
708 2888 792 2953 soret,
807 2886 905 2956 abjectis
919 2885 1045 2950 puribm,
1058 2886 1175 2957 expeditis
1190 2906 1232 2937 ari-
1336 2955 1338 2962 Ι

156 2984 247 3021 rocem
262 2985 322 3019 eom
336 2986 393 3019 non
408 2978 561 3037 agnoscunt.
581 2968 670 3022 Recte.
716 2971 772 3028 mis,
784 2978 812 3017 ut
824 2965 933 3017 membru
943 2968 1233 3037 pugnarepossint.1mc

158 3046 247 3099 Nostri
261 3044 341 3100 codd.
357 3065 413 3099 non
429 3046 536 3099 habent.
715 3044 859 3118 aliquando
873 3059 1041 3109 menstruum,
1055 3046 1146 3099 cibum
1165 3047 1233 3101 lere·

197 3146 223 3179 ².
239 3127 335 3179 Eorum
347 3126 672 3196 dierumcomuetudt'neper-
715 3126 797 3190 bant,
808 3138 838 3180 ut
848 3127 907 3179 lu‘v.
919 3124 1012 3191 dccet,
1022 3127 1041 3180 l.
1053 3145 1127 3191 mv,
1137 3145 1197 3197 cap.
1206 3146 1232 3179 ι.

157 3219 242 3276 spectu.
269 3206 457 3276 cognoverant
481 3204 593 3259 modum
618 3224 673 3278 quo
718 3205 811 3259 Consul
827 3218 971 3262 martiuum
981 3208 1051 3276 jusso
1066 3208 1141 3259 milite
1156 3224 1234 3259 secum

158 3286 285 3339 exercitus
296 3303 423 3339 romanus
432 3304 481 3357 per
493 3286 552 3338 illos
564 3284 621 3339 dies
633 3304 675 3337 so·
711 3286 780 3351 serre
785 3324 794 3349 ,
804 3287 927 3355 prosectu
939 3285 1030 3347 decim
1039 3298 1097 3355 pust
1107 3286 1154 3340 dte.

158 3366 218 3419 litus
229 3379 286 3420 erut
300 3365 350 3419 iter
362 3366 456 3419 facere.
470 3364 541 3421 Male
553 3365 674 3419 Davisius
760 3372 785 3428 4.
800 3365 884 3437 Atque
897 3364 991 3433 infleris
1005 3365 1137 3435 crebrisque
1146 3367 1172 3416 iu
1180 3366 1237 3416 loti·

159 3443 240 3499 edidit
248 3457 387 3517 prospectu.
402 3444 453 3499 On.
719 3445 824 3497 tudinem
837 3448 910 3495 raucis
927 3447 1013 3495 enatis
1029 3444 1071 3496 Ita
1085 3444 1156 3515 vulg.
1172 3442 1234 3497 edd.

199 3527 224 3579 3.
248 3526 300 3579 Sub
318 3529 428 3577 sarcinis.
449 3526 489 3577 De
514 3522 675 3595 gravissimis
718 3526 754 3577 At
768 3524 797 3575 iu
813 3524 906 3575 UrsIni
921 3520 1013 3575 codice
1025 3524 1054 3573 τὸ
1071 3524 1166 3594 inflexu
1184 3542 1236 3595 pro

160 3604 275 3659 militurn
298 3624 472 3659 romanorum
493 3604 620 3669 sarcinis,
641 3602 675 3655 de
718 3605 803 3675 glossa
820 3602 902 3660 habet
914 3606 1026 3655 curuatis.
1046 3600 1133 3657 Simili
1153 3602 1236 3656 modo

160 3683 248 3737 labore
268 3698 295 3739 et
316 3684 504 3739 exercitatione
521 3684 675 3755 legionum,
720 3680 897 3754 Oudendorp.
917 3682 950 3734 ab
971 3682 1030 3734 aliis
1049 3682 1237 3752 glossatoribus

162 3763 222 3817 audi
237 3766 396 3819 Ciceronem
411 3766 447 3817 ita
464 3764 634 3836 loquentem,
647 3764 676 3815 iu
720 3763 853 3836 adjectum
867 3774 945 3835 putat
958 3765 1049 3823 enatis,
1065 3766 1163 3815 unctis.
1174 3763 1237 3815 Non

162 3843 267 3899 Tuscul.
288 3845 388 3910 Quaest.
409 3845 457 3897 lib.
478 3864 523 3911 11,
547 3862 604 3915 cap.
629 3844 675 3913 37.
721 3857 831 3916 apparet
849 3843 907 3895 hec
919 3861 972 3895 vox
990 3841 1020 3894 in
1035 3841 1159 3911 Scaligerl
1175 3842 1237 3895 Lei·

163 3924 236 3975 Ferre
248 3926 306 3996 plus
325 3926 447 3977 dimidiati
460 3928 544 3977 mensis
564 3924 677 3975 ciboria:
721 3923 798 3977 densi
812 3943 854 3995 pr.
870 3936 897 3975 et
911 3922 968 3974 aliis
983 3918 1062 3974 codd.
1075 3920 1112 3973 ita
1127 3934 1154 3975 et
1167 3940 1237 3993 prus·

158 4004 231 4069 serre,
249 4009 273 4056 si
294 4006 355 4075 quid
371 4005 406 4056 ad
423 4025 490 4057 suum
504 4006 600 4066 vetum
609 4005 678 4070 serre
722 4002 878 4075 cedensque
897 4003 1021 4072 ignorant
1034 3999 1097 4055 edd.
1115 4014 1143 4055 et
1156 3999 1236 4055 codd.

165 4084 679 4155 uallum5namscutunr,gladirun,galeam
721 4083 809 4137 multi.
834 4082 927 4135 Deleta
950 4094 1063 4151 utraque
1087 4080 1136 4135 ista
1157 4100 1239 4145 voce,

168 4164 191 4215 iu
202 4183 270 4217 onere
283 4169 359 4217 nostri
374 4166 458 4217 milites
472 4183 520 4217 non
528 4164 584 4236 plus
597 4182 678 4216 nume·
722 4163 825 4234 egregie
839 4161 975 4235 procurrit
988 4160 1152 4215 sensusne.
1169 4159 1237 4215 eod.

168 4254 221 4294 rant
236 4264 307 4318 quam
324 4246 446 4309 humeros,
457 4246 570 4307 lacertos,
586 4262 678 4297 manus.
723 4244 757 4298 R.
779 4243 865 4311 ⁵763,
887 4261 901 4295 a
920 4241 1007 4313 prisca
1025 4260 1109 4295 menn
1126 4260 1134 4295 ε
1154 4244 1240 4309 reperis

1019 4337 1066 4409 6,
