3000 5034
309 426 359 535 96
460 441 498 510 o.
527 439 930 510 sunit-cnsnnts
958 438 1232 509 conruunt.

360 576 505 642 XXXII.
528 573 581 643 Ad
598 573 670 653 haec
689 574 802 642 Caesar
817 570 988 667 respondit
1001 595 1045 638 r«
1064 573 1107 639 Se
1124 566 1230 665 magis
1247 594 1384 640 consue·

307 680 421 749 tudine
434 705 508 768 sua,
519 704 619 773 quam
632 680 751 747 merito
766 704 898 766 eorum,
909 678 1075 747 civitatem
1090 690 1401 765 conservantium,-

307 789 334 855 si
364 788 590 881 prius,quam
615 810 751 855 murum
777 783 881 854 aries¹
896 785 1057 877 attigisset
1065 780 1087 870 ²,
1101 807 1136 851 se
1157 781 1384 870 dedidissent}

306 892 365 962 sed
386 892 561 961 deditionis
582 891 708 961 nullam
734 916 806 960 esse
836 884 1061 961 conditionem
1069 874 1094 977 ³,
1108 890 1172 957 nisi
1192 890 1293 957 armis
1314 904 1382 958 tra·

306 997 382 1068 ditis
397 1025 404 1067 :
419 1024 453 1068 se
475 999 526 1087 id,
545 998 635 1093 prod
656 999 691 1066 in
715 998 848 1067 Nerviis
869 997 1017 1085 fecisset,
1031 995 1198 1065 facturum
1218 994 1384 1064 finitimis·
1426 1034 1428 1038 ·

287 1129 371 1199 .que
391 1105 653 1200 imperaturum,
669 1128 835 1198 nequam
855 1103 1009 1173 dedititiis
1029 1099 1148 1197 Populi
1170 1102 1316 1169 Romani
1332 1102 1383 1169 in-

303 1211 425 1303 juriam
447 1213 616 1281 inferrent.
638 1242 655 1277 »
676 1212 726 1279 Re
748 1210 906 1279 nunciata
926 1209 968 1277 ad
987 1233 1086 1297 suos,
1106 1236 1124 1272 r
1145 1232 1218 1301 quae
1239 1209 1383 1301 impera·

306 1332 423 1386 rentur
432 1304 456 1405 ⁴¹,
471 1318 579 1388 facere
592 1346 611 1383 n
628 1318 784 1387 dixenmt
793 1302 814 1383 ⁵.
829 1317 1011 1385 Armorum
1032 1338 1154 1408 magna
1172 1312 1384 1382 multitudine

306 1422 348 1492 dc
370 1448 467 1492 muro
486 1426 519 1493 in
539 1425 681 1511 fossam,
696 1448 771 1517 quae
788 1437 861 1492 erat
876 1438 959 1491 ante
968 1420 1129 1515 oppidum
1140 1474 1150 1509 ‚
1160 1419 1270 1513 jacta,
1283 1421 1330 1488 sic
1344 1436 1385 1489 ut

306 1555 412 1625 prope
435 1554 600 1601 summam
621 1531 710 1599 muri
730 1513 946 1623 aggerisque⁶
964 1526 1172 1596 altitudinem
1194 1526 1305 1596 acervi
1328 1550 1381 1594 ar·

306 1661 439 1705 morum
470 1637 700 1732 adaeqnarent3
725 1650 760 1703 et
787 1650 899 1703 tamen
930 1635 1061 1702 circiter
1089 1647 1183 1726 parte
1212 1633 1329 1720 tertia,
1344 1648 1384 1703 ut

305 1757 422 1836 postea
451 1756 662 1837 perspectum
690 1756 761 1828 est,
779 1739 884 1809 celata
910 1752 1009 1832 atque
1034 1739 1069 1806 in
1090 1738 1215 1834 oppido
1236 1752 1385 1827 retenta,

306 1850 409 1942 portis
432 1848 624 1942 patefactis,
641 1870 681 1915 eo
703 1847 757 1915 die
777 1870 861 1940 pace
882 1860 960 1913 sunt
980 1845 1040 1913 usi.

359 1956 522 2022 XXXIII.
537 1952 606 2022 Sub
624 1976 802 2047 vesperum
819 1954 931 2021 Caesar
944 1966 1057 2045 portas
1074 1948 1184 2019 claudi
1198 1949 1383 2047 militesque

303 2084 345 2129 ex
367 2060 491 2155 oppido
508 2062 596 2128 exire
614 2060 727 2152 jussit,
743 2082 785 2126 ne
806 2083 906 2152 qnam
929 2072 1033 2127 noctu
1054 2057 1212 2151 oppidani
1231 2058 1274 2125 ab
1296 2057 1381 2127 rnili-

304 2164 392 2235 tibus
419 2166 573 2259 injuriam
600 2168 798 2260 acciperent.
825 2163 985 2253 Illi,ante
1006 2165 1104 2252 inito,
1117 2178 1156 2232 ut
1175 2163 1381 2238 intellectum

304 2287 373 2361 est,
392 2271 549 2361 consilio,
562 2272 652 2367 quod
664 2271 832 2340 deditione
844 2271 932 2341 facta
947 2284 1079 2340 nostros
1096 2270 1248 2365 praesidia
1261 2270 1383 2343 deduc·

344 2447 409 2503 Can.
431 2449 547 2503 XXXII.
577 2468 601 2503 1.
618 2448 648 2503 Si
656 2454 726 2521 prins
746 2470 817 2522 quam
862 2462 1004 2521 antequam
1011 2460 1143 2502 tormenta
1158 2444 1380 2520 exploderentur3

304 2532 374 2581 eries.
385 2527 526 2581 Proditnm
535 2530 623 2582 Plinio
634 2530 653 2581 l.
667 2548 724 2596 v11,
737 2549 761 2582 c.
771 2531 818 2595 56,
862 2544 889 2583 et
897 2530 1009 2583 urbibus
1020 2528 1222 2591 munitioribus,
1238 2540 1381 2599 antequam

304 2609 413 2661 arietem
427 2610 516 2681 primo
531 2628 630 2680 equum
641 2610 817 2681 appellatum,
861 2609 938 2662 scala
966 2606 1180 2661 admoverentur.
1203 2605 1256 2659 Sed
1277 2608 1381 2679 aequior

296 2690 330 2743 'et
348 2688 530 2743 inventionem
545 2692 601 2759 ejus
622 2689 705 2757 tribui
727 2689 818 2760 Epeo,
860 2690 918 2744 Cic.
935 2690 982 2759 qui
996 2689 1014 2740 l.
1025 2688 1048 2740 I.
1067 2686 1101 2739 de
1115 2685 1211 2739 officiis
1228 2686 1267 2739 sie
1282 2687 1379 2740 habet:

303 2768 350 2838 qni
365 2768 482 2839 Trojano
491 2768 561 2821 bello
576 2768 705 2821 interluit.
715 2768 815 2834 Porro,
862 2769 886 2821 Ii
905 2773 946 2840 qui
962 2772 1035 2819 armis
1053 2770 1139 2838 positis
1159 2766 1195 2817 ad
1211 2770 1381 2837 imperatorum

187 2880 190 2884 -
302 2846 372 2899 hanc
381 2847 531 2900 machinam
539 2848 576 2901 sic
588 2846 817 2919 describioseph.
854 2847 931 2917 fidem
941 2848 1380 2918 confugiunt,quamrisariesmurum

301 2926 320 2978 l.
336 2926 386 2979 III.
402 2944 424 2978 c.
441 2945 468 2995 9,
487 2925 521 2980 de
542 2927 612 2981 bello
630 2925 751 2980 Iudaico.
768 2929 820 2979 Est
855 2931 1011 2998 percusserit,
1025 2927 1160 2997 reeipiendi.

302 3009 415 3072 innume
431 3006 507 3069 trabs,
529 3007 591 3059 malr>
608 3010 674 3061 naris
687 3007 815 3069 admits,
904 3009 930 3060 3.
946 3007 998 3061 Sed
1008 3007 1136 3060 deditionis
1151 3006 1242 3059 nullam
1255 3026 1305 3059 esse
1320 3026 1379 3059 eon·

240 3127 242 3132 .
301 3087 369 3155 cujus
381 3104 496 3137 summum
515 3090 588 3157 gravi
600 3087 670 3154 ferro
689 3087 818 3139 solidatum
860 3086 983 3139 ditionem.
1004 3087 1063 3139 Hoc
1084 3099 1138 3151 est,
1159 3085 1216 3139 sine
1241 3105 1380 3139 armorum

301 3176 347 3226 est,
364 3166 389 3215 in
401 3167 483 3217 arietis
495 3166 598 3237 effigiem
604 3166 740 3233 fabricato,
756 3167 818 3218 unde
861 3165 1005 3219 traditione
1018 3164 1120 3219 deditio
1131 3185 1187 3218 non
1199 3164 1336 3237 procedet,
1349 3179 1380 3219 ut

301 3249 374 3296 etiam
388 3264 471 3296 nomen
484 3250 582 3318 accepit.
599 3247 725 3318 Dependet
739 3258 818 3298 autent
859 3246 980 3318 loquitur
992 3246 1085 3298 Celsus
1106 3247 1136 3297 in
1150 3247 1206 3299 vita
1218 3246 1337 3299 Caesaris.

294 3325 398 3392 funibus
412 3321 592 3389 medius(aries
602 3322 613 3391 )
623 3348 653 3379 en
669 3327 735 3377 trabe
748 3328 816 3388 alia,
903 3333 929 3390 4.
949 3327 1012 3395 Quoe
1025 3330 1204 3397 imperarentur.
1218 3327 1298 3397 Vulg.
1312 3342 1380 3397 prae·

300 3406 369 3456 velut
379 3426 409 3457 ee
425 3411 527 3469 trutina,
537 3407 604 3477 palis
619 3410 728 3478 utrinqne
736 3408 819 3473 fidtns
860 3406 977 3459 mittitur
986 3406 1024 3457 illi
1035 3426 1060 3457 se
1070 3418 1163 3458 contra
1175 3404 1255 3459 codd.
1270 3418 1298 3458 et
1314 3404 1377 3458 edd

300 3484 475 3553 benefirndatis
482 3507 492 3547 ,·
502 3498 629 3538 retrorsum
638 3499 716 3539 antem
729 3506 819 3556 magna
860 3499 924 3539 vett.
941 3505 956 3537 a
970 3486 1068 3555 quibus
1082 3485 1177 3538 exulat.

299 3568 408 3617 ‘rt‘rornm
421 3566 571 3619 multitudine
589 3568 706 3637 repulsus,
722 3566 817 3618 iisdem·
904 3565 929 3618 5.
938 3566 1029 3627 Facere
1037 3566 1157 3617 dixerunt.
1165 3566 1284 3617 Praesens
1293 3564 1378 3617 futuri

301 3664 345 3717 que
359 3646 432 3697 simul
441 3665 522 3698 rursus
535 3646 706 3717 impeldentihns
719 3650 815 3708 missus,
860 3644 916 3698 vim
930 3645 1018 3697 babet.
1030 3642 1094 3696 vid.
1108 3644 1207 3697 Sanctii
1222 3644 1336 3698 Minerv.
1347 3646 1377 3709 I,

300 3728 326 3777 in
332 3728 417 3793 fronte
428 3729 576 3795 prominente
580 3728 650 3793 firro
664 3727 749 3777 moenia
761 3745 818 3797 per-
864 3730 910 3789 14,
921 3724 1013 3793 ibique
1027 3724 1206 3776 Perizonium.
1221 3724 1272 3776 Alii
1284 3743 1378 3796 perpe·

300 3810 367 3859 eunt.
859 3822 917 3855 ram
929 3804 1021 3873 legunt
1029 3805 1149 3871 fracturos.

342 3906 368 3939 a.
384 3884 483 3938 Murum
498 3888 625 3955 attigisset.
637 3885 703 3939 Fere
712 3903 818 3956 semper
901 3887 928 3936 6.
937 3883 1005 3934 Muri
1011 3887 1160 3954 aggerisque.
1171 3884 1240 3935 Nam
1248 3884 1377 3954 eregione

299 3967 420 4019 solebant
434 3965 547 4018 Romani
562 3984 671 4037 parcere
682 3965 760 4019 victis
772 3982 817 4015 an·
860 3980 1000 4015 murorum
1013 3976 1069 4016 erat
1084 3964 1211 4016 excitatus
1222 3983 1237 4017 a
1250 3962 1376 4015 Romanis

300 4059 406 4117 tequam
434 4046 500 4099 aries
525 4045 712 4118 percussisset3
735 4043 817 4095 simili
860 4060 954 4114 agger,
970 4062 1019 4114 par
1037 4044 1101 4115 ipsis
1116 4044 1201 4096 muris
1217 4042 1376 4106 altitudine,

299 4124 381 4178 modo
397 4124 468 4197 apud
483 4144 531 4179 nos
549 4126 668 4196 parcitur
683 4123 744 4177 urbi
760 4142 816 4175 me·
859 4122 982 4193 infraque
992 4142 1118 4195 'aggerem
1132 4137 1159 4178 et
1174 4142 1283 4177 murum
1304 4138 1375 4178 arua

298 4203 425 4259 diocriter
447 4205 572 4270 munite,
591 4206 614 4257 si
635 4222 663 4257 se
683 4200 816 4257 dediderit
859 4206 977 4277 projecta
993 4204 1106 4256 fueraut.
