<?xml version="1.0" encoding="UTF-8"?>
<!DOCTYPE html PUBLIC "-//W3C//DTD XHTML 1.0 Transitional//EN"
    "http://www.w3.org/TR/xhtml1/DTD/xhtml1-transitional.dtd">
<html xmlns="http://www.w3.org/1999/xhtml" xml:lang="en" lang="en">
 <head>
  <title>
</title>
<meta http-equiv="Content-Type" content="text/html;charset=utf-8" />
  <meta name='ocr-system' content='tesseract 3.04.00' />
  <meta name='ocr-capabilities' content='ocr_page ocr_carea ocr_par ocr_line ocrx_word'/>
</head>
<body>
  <div class='ocr_page' id='page_1' title='image "./caiusjuliuscsar00caesgoog_0356.png"; bbox 0 0 3000 5034; ppageno 0'>
   <div class='ocr_carea' id='block_1_1' title="bbox 263 484 1187 594">
    <p class='ocr_par' dir='ltr' id='par_1_1' title="bbox 263 484 1187 594">
     <span class='ocr_line' id='line_1_1' title="bbox 263 484 1187 594; baseline 0.018 -43"><span class='ocrx_word' id='word_1_1' title='bbox 263 484 331 553; x_wconf 89' lang='lat' dir='ltr'>DE</span> <span class='ocrx_word' id='word_1_2' title='bbox 357 484 538 554; x_wconf 84' lang='lat' dir='ltr'>BELLO</span> <span class='ocrx_word' id='word_1_3' title='bbox 565 486 817 559; x_wconf 80' lang='lat' dir='ltr'>GALLICO.</span> <span class='ocrx_word' id='word_1_4' title='bbox 845 491 942 563; x_wconf 89' lang='lat' dir='ltr'><strong>LIB.</strong></span> <span class='ocrx_word' id='word_1_5' title='bbox 970 494 1054 564; x_wconf 90' lang='lat' dir='ltr'><strong>VII.</strong></span> <span class='ocrx_word' id='word_1_6' title='bbox 1112 494 1187 594; x_wconf 84' lang='lat'>3¹9</span> 
     </span>
    </p>
   </div>
   <div class='ocr_carea' id='block_1_2' title="bbox 18 616 1262 2211">
    <p class='ocr_par' dir='ltr' id='par_1_2' title="bbox 118 616 1190 1541">
     <span class='ocr_line' id='line_1_2' title="bbox 125 616 1190 718; baseline 0.02 -37"><span class='ocrx_word' id='word_1_7' title='bbox 125 626 246 684; x_wconf 72' lang='lat' dir='ltr'>canuc</span> <span class='ocrx_word' id='word_1_8' title='bbox 258 616 412 709; x_wconf 86' lang='lat' dir='ltr'>Denique</span> <span class='ocrx_word' id='word_1_9' title='bbox 426 640 467 685; x_wconf 80' lang='lat' dir='ltr'>ex</span> <span class='ocrx_word' id='word_1_10' title='bbox 481 619 572 687; x_wconf 90' lang='lat' dir='ltr'>omni</span> <span class='ocrx_word' id='word_1_11' title='bbox 585 644 627 688; x_wconf 86' lang='lat' dir='ltr'>eo</span> <span class='ocrx_word' id='word_1_12' title='bbox 636 621 817 710; x_wconf 84' lang='lat' dir='ltr'>numero⁷,</span> <span class='ocrx_word' id='word_1_13' title='bbox 836 625 893 718; x_wconf 90' lang='lat' dir='ltr'>qui</span> <span class='ocrx_word' id='word_1_14' title='bbox 905 624 967 695; x_wconf 87' lang='lat' dir='ltr'>fuit</span> <span class='ocrx_word' id='word_1_15' title='bbox 981 628 1112 699; x_wconf 84' lang='lat' dir='ltr'>circiter</span> <span class='ocrx_word' id='word_1_16' title='bbox 1125 634 1190 701; x_wconf 90' lang='lat' dir='ltr'>XL</span> 
     </span>
     <span class='ocr_line' id='line_1_3' title="bbox 123 716 1190 832; baseline 0.019 -46"><span class='ocrx_word' id='word_1_17' title='bbox 123 716 278 809; x_wconf 83' lang='lat' dir='ltr'>millitnn,</span> <span class='ocrx_word' id='word_1_18' title='bbox 294 723 350 791; x_wconf 86' lang='lat' dir='ltr'>vix</span> <span class='ocrx_word' id='word_1_19' title='bbox 368 724 510 812; x_wconf 88' lang='lat' dir='ltr'>DCCC,</span> <span class='ocrx_word' id='word_1_20' title='bbox 527 726 586 819; x_wconf 91' lang='lat' dir='ltr'>qui</span> <span class='ocrx_word' id='word_1_21' title='bbox 600 728 710 822; x_wconf 90' lang='lat' dir='ltr'>primo</span> <span class='ocrx_word' id='word_1_22' title='bbox 728 728 873 800; x_wconf 88' lang='lat' dir='ltr'>clamore</span> <span class='ocrx_word' id='word_1_23' title='bbox 891 731 1003 803; x_wconf 88' lang='lat' dir='ltr'>audito</span> <span class='ocrx_word' id='word_1_24' title='bbox 1021 760 1056 805; x_wconf 87' lang='lat' dir='ltr'>se</span> <span class='ocrx_word' id='word_1_25' title='bbox 1073 760 1113 805; x_wconf 88' lang='lat' dir='ltr'>ex</span> <span class='ocrx_word' id='word_1_26' title='bbox 1129 762 1190 832; x_wconf 93' lang='lat' dir='ltr'>op·</span> 
     </span>
     <span class='ocr_line' id='line_1_4' title="bbox 122 824 1188 937; baseline 0.019 -44"><span class='ocrx_word' id='word_1_27' title='bbox 122 824 200 917; x_wconf 90' lang='lat' dir='ltr'>pido</span> <span class='ocrx_word' id='word_1_28' title='bbox 225 826 415 920; x_wconf 86' lang='lat' dir='ltr'>ejecerant,</span> <span class='ocrx_word' id='word_1_29' title='bbox 435 829 618 901; x_wconf 83' lang='lat' dir='ltr'><strong>incolumes</strong></span> <span class='ocrx_word' id='word_1_30' title='bbox 635 834 678 903; x_wconf 90' lang='lat' dir='ltr'>ad</span> <span class='ocrx_word' id='word_1_31' title='bbox 696 837 1003 935; x_wconf 82' lang='lat' dir='ltr'>Vercingetorigem</span> <span class='ocrx_word' id='word_1_32' title='bbox 1028 865 1188 937; x_wconf 88' lang='lat' dir='ltr'>pervene-</span> 
     </span>
     <span class='ocr_line' id='line_1_5' title="bbox 122 934 1188 1045; baseline 0.022 -47"><span class='ocrx_word' id='word_1_33' title='bbox 122 946 207 1000; x_wconf 88' lang='lat' dir='ltr'>runt.</span> <span class='ocrx_word' id='word_1_34' title='bbox 223 936 319 1022; x_wconf 86' lang='lat' dir='ltr'>Quos</span> <span class='ocrx_word' id='word_1_35' title='bbox 330 934 402 1023; x_wconf 90' lang='lat' dir='ltr'>ille,</span> <span class='ocrx_word' id='word_1_36' title='bbox 412 935 518 1007; x_wconf 89' lang='lat' dir='ltr'>multa</span> <span class='ocrx_word' id='word_1_37' title='bbox 525 938 597 1030; x_wconf 88' lang='lat' dir='ltr'>jam</span> <span class='ocrx_word' id='word_1_38' title='bbox 610 954 726 1030; x_wconf 89' lang='lat' dir='ltr'>nocte,</span> <span class='ocrx_word' id='word_1_39' title='bbox 738 941 867 1013; x_wconf 86' lang='lat' dir='ltr'>silentio</span> <span class='ocrx_word' id='word_1_40' title='bbox 882 970 923 1015; x_wconf 84' lang='lat' dir='ltr'>ex</span> <span class='ocrx_word' id='word_1_41' title='bbox 937 946 1017 1043; x_wconf 89' lang='lat' dir='ltr'>fuga</span> <span class='ocrx_word' id='word_1_42' title='bbox 1032 938 1188 1045; x_wconf 86' lang='lat' dir='ltr'>excepit⁸,</span> 
     </span>
     <span class='ocr_line' id='line_1_6' title="bbox 121 1026 1187 1137; baseline 0.021 -33"><span class='ocrx_word' id='word_1_43' title='bbox 121 1026 285 1129; x_wconf 80' lang='lat' dir='ltr'>(veritus,</span> <span class='ocrx_word' id='word_1_44' title='bbox 302 1067 346 1109; x_wconf 89' lang='lat' dir='ltr'>ne</span> <span class='ocrx_word' id='word_1_45' title='bbox 362 1066 431 1135; x_wconf 86' lang='lat' dir='ltr'>qua</span> <span class='ocrx_word' id='word_1_46' title='bbox 446 1044 483 1111; x_wconf 90' lang='lat' dir='ltr'>in</span> <span class='ocrx_word' id='word_1_47' title='bbox 500 1047 616 1115; x_wconf 86' lang='lat' dir='ltr'>castris</span> <span class='ocrx_word' id='word_1_48' title='bbox 633 1072 675 1115; x_wconf 81' lang='lat' dir='ltr'>ex</span> <span class='ocrx_word' id='word_1_49' title='bbox 692 1072 809 1137; x_wconf 85' lang='lat' dir='ltr'>eorum</span> <span class='ocrx_word' id='word_1_50' title='bbox 828 1074 993 1123; x_wconf 85' lang='lat' dir='ltr'>concursu</span> <span class='ocrx_word' id='word_1_51' title='bbox 1012 1068 1045 1123; x_wconf 88' lang='lat' dir='ltr'>ct</span> <span class='ocrx_word' id='word_1_52' title='bbox 1062 1057 1187 1125; x_wconf 84' lang='lat' dir='ltr'>miseri·</span> 
     </span>
     <span class='ocr_line' id='line_1_7' title="bbox 120 1143 1188 1257; baseline 0.021 -46"><span class='ocrx_word' id='word_1_53' title='bbox 120 1143 230 1213; x_wconf 84' lang='lat' dir='ltr'>cordia</span> <span class='ocrx_word' id='word_1_54' title='bbox 243 1146 337 1242; x_wconf 84' lang='lat' dir='ltr'>vulgi</span> <span class='ocrx_word' id='word_1_55' title='bbox 354 1148 471 1218; x_wconf 83' lang='lat' dir='ltr'>seditio</span> <span class='ocrx_word' id='word_1_56' title='bbox 486 1146 669 1241; x_wconf 87' lang='lat' dir='ltr'>oriretur‚)</span> <span class='ocrx_word' id='word_1_57' title='bbox 686 1168 741 1243; x_wconf 86' lang='lat' dir='ltr'>ut,</span> <span class='ocrx_word' id='word_1_58' title='bbox 760 1156 879 1248; x_wconf 89' lang='lat' dir='ltr'>procul</span> <span class='ocrx_word' id='word_1_59' title='bbox 897 1159 931 1229; x_wconf 92' lang='lat' dir='ltr'>in</span> <span class='ocrx_word' id='word_1_60' title='bbox 949 1161 1004 1229; x_wconf 87' lang='lat' dir='ltr'>via</span> <span class='ocrx_word' id='word_1_61' title='bbox 1023 1160 1188 1257; x_wconf 84' lang='lat' dir='ltr'>dispositis</span> 
     </span>
     <span class='ocr_line' id='line_1_8' title="bbox 119 1248 1188 1359; baseline 0.02 -41"><span class='ocrx_word' id='word_1_62' title='bbox 119 1248 330 1324; x_wconf 79' lang='lat' dir='ltr'>familiaribus</span> <span class='ocrx_word' id='word_1_63' title='bbox 350 1257 417 1324; x_wconf 91' lang='lat' dir='ltr'>suis</span> <span class='ocrx_word' id='word_1_64' title='bbox 438 1258 709 1353; x_wconf 81' lang='lat' dir='ltr'>principibusque</span> <span class='ocrx_word' id='word_1_65' title='bbox 730 1264 927 1349; x_wconf 87' lang='lat' dir='ltr'>civitatum,</span> <span class='ocrx_word' id='word_1_66' title='bbox 949 1264 1188 1359; x_wconf 87' lang='lat' dir='ltr'>disparandos⁹</span> 
     </span>
     <span class='ocr_line' id='line_1_9' title="bbox 118 1354 1187 1471; baseline 0.018 -46"><span class='ocrx_word' id='word_1_67' title='bbox 118 1354 423 1455; x_wconf 86' lang='lat' dir='ltr'>deducendosque¹⁰</span> <span class='ocrx_word' id='word_1_68' title='bbox 438 1362 482 1431; x_wconf 89' lang='lat' dir='ltr'>ad</span> <span class='ocrx_word' id='word_1_69' title='bbox 496 1388 574 1432; x_wconf 89' lang='lat' dir='ltr'>suos</span> <span class='ocrx_word' id='word_1_70' title='bbox 584 1381 718 1436; x_wconf 82' lang='lat' dir='ltr'>curaret</span> <span class='ocrx_word' id='word_1_71' title='bbox 728 1393 819 1461; x_wconf 75' lang='lat' dir='ltr'>,qum</span> <span class='ocrx_word' id='word_1_72' title='bbox 830 1371 1093 1464; x_wconf 84' lang='lat' dir='ltr'>cuiquecivitati</span> <span class='ocrx_word' id='word_1_73' title='bbox 1110 1400 1187 1471; x_wconf 89' lang='lat' dir='ltr'>pars</span> 
     </span>
     <span class='ocr_line' id='line_1_10' title="bbox 118 1467 687 1541; baseline 0.014 -8"><span class='ocrx_word' id='word_1_74' title='bbox 118 1478 301 1535; x_wconf 83' lang='lat' dir='ltr'>castrorum</span> <span class='ocrx_word' id='word_1_75' title='bbox 321 1467 366 1535; x_wconf 85' lang='lat' dir='ltr'>ab</span> <span class='ocrx_word' id='word_1_76' title='bbox 383 1469 477 1538; x_wconf 90' lang='lat' dir='ltr'>initio</span> <span class='ocrx_word' id='word_1_77' title='bbox 496 1470 687 1541; x_wconf 82' lang='lat' dir='ltr'>obvenerat</span> 
     </span>
    </p>

    <p class='ocr_par' dir='ltr' id='par_1_3' title="bbox 18 1572 1262 2211">
     <span class='ocr_line' id='line_1_11' title="bbox 166 1572 1186 1669; baseline 0.016 -30"><span class='ocrx_word' id='word_1_78' title='bbox 166 1572 295 1641; x_wconf 85' lang='lat' dir='ltr'><strong>XXIX.</strong></span> <span class='ocrx_word' id='word_1_79' title='bbox 324 1575 461 1645; x_wconf 86' lang='lat' dir='ltr'>Postero</span> <span class='ocrx_word' id='word_1_80' title='bbox 480 1574 534 1652; x_wconf 83' lang='lat' dir='ltr'>die</span> <span class='ocrx_word' id='word_1_81' title='bbox 550 1577 691 1647; x_wconf 88' lang='lat' dir='ltr'>concilio</span> <span class='ocrx_word' id='word_1_82' title='bbox 707 1594 910 1669; x_wconf 86' lang='lat' dir='ltr'>convocato,</span> <span class='ocrx_word' id='word_1_83' title='bbox 925 1582 1114 1653; x_wconf 83' lang='lat' dir='ltr'>consolatus</span> <span class='ocrx_word' id='word_1_84' title='bbox 1131 1610 1186 1655; x_wconf 91' lang='lat' dir='ltr'>co·</span> 
     </span>
     <span class='ocr_line' id='line_1_12' title="bbox 116 1674 1185 1779; baseline 0.018 -36"><span class='ocrx_word' id='word_1_85' title='bbox 116 1674 332 1773; x_wconf 87' lang='lat' dir='ltr'>hortatusque</span> <span class='ocrx_word' id='word_1_86' title='bbox 339 1679 415 1769; x_wconf 87' lang='lat' dir='ltr'>est¹,</span> <span class='ocrx_word' id='word_1_87' title='bbox 427 1710 445 1746; x_wconf 75' lang='grc' dir='ltr'>(ι</span> <span class='ocrx_word' id='word_1_88' title='bbox 458 1704 501 1750; x_wconf 88' lang='lat' dir='ltr'>ne</span> <span class='ocrx_word' id='word_1_89' title='bbox 513 1706 548 1751; x_wconf 90' lang='lat' dir='ltr'>se</span> <span class='ocrx_word' id='word_1_90' title='bbox 556 1682 737 1761; x_wconf 80' lang='lat' dir='ltr'>admodum</span> <span class='ocrx_word' id='word_1_91' title='bbox 746 1686 857 1755; x_wconf 87' lang='lat' dir='ltr'>animo</span> <span class='ocrx_word' id='word_1_92' title='bbox 868 1685 1090 1779; x_wconf 86' lang='lat' dir='ltr'>demitterent,</span> <span class='ocrx_word' id='word_1_93' title='bbox 1101 1717 1185 1763; x_wconf 88' lang='lat' dir='ltr'>neve</span> 
     </span>
     <span class='ocr_line' id='line_1_13' title="bbox 115 1775 1262 1889; baseline 0.015 -37"><span class='ocrx_word' id='word_1_94' title='bbox 115 1784 389 1875; x_wconf 67' lang='lat' dir='ltr'>perturbarentur</span> <span class='ocrx_word' id='word_1_95' title='bbox 410 1775 622 1860; x_wconf 85' lang='lat' dir='ltr'>incommodo</span> <span class='ocrx_word' id='word_1_96' title='bbox 637 1816 645 1859; x_wconf 77' lang='grc' dir='ltr'><em>τ</em></span> <span class='ocrx_word' id='word_1_97' title='bbox 659 1817 728 1861; x_wconf 92' lang='lat' dir='ltr'>non</span> <span class='ocrx_word' id='word_1_98' title='bbox 748 1794 894 1883; x_wconf 79' lang='lat' dir='ltr'>virtute,</span> <span class='ocrx_word' id='word_1_99' title='bbox 916 1819 1023 1889; x_wconf 89' lang='lat' dir='ltr'>neque</span> <span class='ocrx_word' id='word_1_100' title='bbox 1044 1799 1079 1866; x_wconf 90' lang='lat' dir='ltr'>iu</span> <span class='ocrx_word' id='word_1_101' title='bbox 1097 1798 1185 1869; x_wconf 88' lang='lat' dir='ltr'>acie²</span> <span class='ocrx_word' id='word_1_102' title='bbox 1260 1811 1262 1816; x_wconf 87' lang='grc'><strong>’</strong></span> 
     </span>
     <span class='ocr_line' id='line_1_14' title="bbox 18 1890 1186 2001; baseline 0.015 -46"><span class='ocrx_word' id='word_1_103' title='bbox 18 1967 19 1979; x_wconf 10' lang='grc' dir='ltr'>χ</span> <span class='ocrx_word' id='word_1_104' title='bbox 116 1890 231 1960; x_wconf 82' lang='lat' dir='ltr'>vicisse</span> <span class='ocrx_word' id='word_1_105' title='bbox 249 1894 441 1982; x_wconf 84' lang='lat' dir='ltr'>Romanos,</span> <span class='ocrx_word' id='word_1_106' title='bbox 456 1895 513 1964; x_wconf 88' lang='lat' dir='ltr'>sed</span> <span class='ocrx_word' id='word_1_107' title='bbox 529 1896 669 1968; x_wconf 86' lang='lat' dir='ltr'>artificio</span> <span class='ocrx_word' id='word_1_108' title='bbox 687 1899 833 1994; x_wconf 90' lang='lat' dir='ltr'>quodam</span> <span class='ocrx_word' id='word_1_109' title='bbox 852 1915 886 1970; x_wconf 94' lang='lat' dir='ltr'>et</span> <span class='ocrx_word' id='word_1_110' title='bbox 903 1903 1039 1972; x_wconf 87' lang='lat' dir='ltr'>scientia</span> <span class='ocrx_word' id='word_1_111' title='bbox 1057 1929 1186 2001; x_wconf 89' lang='lat' dir='ltr'>oppug-</span> 
     </span>
     <span class='ocr_line' id='line_1_15' title="bbox 18 1995 1188 2105; baseline 0.018 -45"><span class='ocrx_word' id='word_1_112' title='bbox 18 2087 19 2092; x_wconf 5' lang='grc' dir='ltr'>ἵ</span> <span class='ocrx_word' id='word_1_113' title='bbox 115 1999 275 2087; x_wconf 87' lang='lat' dir='ltr'>nationis,</span> <span class='ocrx_word' id='word_1_114' title='bbox 289 2000 383 2093; x_wconf 85' lang='lat' dir='ltr'>cujus</span> <span class='ocrx_word' id='word_1_115' title='bbox 401 2003 449 2069; x_wconf 88' lang='lat' dir='ltr'>rei</span> <span class='ocrx_word' id='word_1_116' title='bbox 468 2001 593 2073; x_wconf 80' lang='lat' dir='ltr'>fiterint</span> <span class='ocrx_word' id='word_1_117' title='bbox 609 2007 672 2098; x_wconf 87' lang='lat' dir='ltr'>ipsi</span> <span class='ocrx_word' id='word_1_118' title='bbox 689 2009 854 2101; x_wconf 89' lang='lat' dir='ltr'>imperiti:</span> <span class='ocrx_word' id='word_1_119' title='bbox 871 1995 1016 2097; x_wconf 78' lang='lat' dir='ltr'>errarc³,</span> <span class='ocrx_word' id='word_1_120' title='bbox 1034 2012 1060 2079; x_wconf 90' lang='lat' dir='ltr'>si</span> <span class='ocrx_word' id='word_1_121' title='bbox 1077 2013 1134 2105; x_wconf 91' lang='lat' dir='ltr'>qui</span> <span class='ocrx_word' id='word_1_122' title='bbox 1152 2014 1188 2080; x_wconf 89' lang='lat' dir='ltr'>in</span> 
     </span>
     <span class='ocr_line' id='line_1_16' title="bbox 18 2095 1187 2211; baseline 0.015 -41"><span class='ocrx_word' id='word_1_123' title='bbox 18 2095 19 2153; x_wconf 58' lang='lat' dir='ltr'>l</span> <span class='ocrx_word' id='word_1_124' title='bbox 113 2099 198 2173; x_wconf 91' lang='lat' dir='ltr'>bello</span> <span class='ocrx_word' id='word_1_125' title='bbox 219 2130 336 2175; x_wconf 88' lang='lat' dir='ltr'>ornnes</span> <span class='ocrx_word' id='word_1_126' title='bbox 356 2108 521 2179; x_wconf 87' lang='lat' dir='ltr'>secundos</span> <span class='ocrx_word' id='word_1_127' title='bbox 541 2134 653 2180; x_wconf 87' lang='lat' dir='ltr'>rerum</span> <span class='ocrx_word' id='word_1_128' title='bbox 675 2101 881 2206; x_wconf 59' lang='lat' dir='ltr'>proventusl</span> <span class='ocrx_word' id='word_1_129' title='bbox 899 2131 1110 2211; x_wconf 80' lang='lat' dir='ltr'>exspectent:</span> <span class='ocrx_word' id='word_1_130' title='bbox 1126 2119 1187 2187; x_wconf 90' lang='lat' dir='ltr'>sibi</span> 
     </span>
    </p>
   </div>
   <div class='ocr_carea' id='block_1_3' title="bbox 18 2284 1185 2373">
    <p class='ocr_par' dir='ltr' id='par_1_4' title="bbox 18 2284 1185 2373">
     <span class='ocr_line' id='line_1_17' title="bbox 18 2284 1185 2373; baseline 0.014 -35"><span class='ocrx_word' id='word_1_131' title='bbox 18 2293 20 2354; x_wconf 75' lang='grc' dir='ltr'><em>ξ</em></span> <span class='ocrx_word' id='word_1_132' title='bbox 114 2288 174 2358; x_wconf 70' lang='lat' dir='ltr'>Quo</span> <span class='ocrx_word' id='word_1_133' title='bbox 196 2292 323 2342; x_wconf 80' lang='lat' dir='ltr'>commissa</span> <span class='ocrx_word' id='word_1_134' title='bbox 337 2292 416 2361; x_wconf 86' lang='lat' dir='ltr'>capite</span> <span class='ocrx_word' id='word_1_135' title='bbox 438 2291 541 2355; x_wconf 84' lang='lat' dir='ltr'>luerent,</span> <span class='ocrx_word' id='word_1_136' title='bbox 559 2304 625 2356; x_wconf 83' lang='lat' dir='ltr'>tum,</span> <span class='ocrx_word' id='word_1_137' title='bbox 673 2295 798 2349; x_wconf 84' lang='lat' dir='ltr'>tenebant</span> <span class='ocrx_word' id='word_1_138' title='bbox 808 2297 922 2367; x_wconf 86' lang='lat' dir='ltr'>singulas</span> <span class='ocrx_word' id='word_1_139' title='bbox 932 2310 1080 2351; x_wconf 84' lang='lat' dir='ltr'>castrorum</span> <span class='ocrx_word' id='word_1_140' title='bbox 1089 2284 1185 2373; x_wconf 70' lang='lat' dir='ltr'>partes.</span> 
     </span>
    </p>
   </div>
   <div class='ocr_carea' id='block_1_4' title="bbox 18 2369 1186 2528">
    <p class='ocr_par' dir='ltr' id='par_1_5' title="bbox 18 2363 1186 2528">
     <span class='ocr_line' id='line_1_18' title="bbox 113 2369 1186 2450; baseline 0.01 -29.024"><span class='ocrx_word' id='word_1_141' title='bbox 113 2372 166 2439; x_wconf 82' lang='lat' dir='ltr'>quia</span> <span class='ocrx_word' id='word_1_142' title='bbox 168 2369 288 2441; x_wconf 83' lang='lat' dir='ltr'>paludati</span> <span class='ocrx_word' id='word_1_143' title='bbox 288 2372 416 2437; x_wconf 68' lang='lat' dir='ltr'>ficerunt,</span> <span class='ocrx_word' id='word_1_144' title='bbox 426 2372 560 2425; x_wconf 79' lang='lat' dir='ltr'>laudamus.</span> <span class='ocrx_word' id='word_1_145' title='bbox 568 2374 627 2426; x_wconf 89' lang='lat' dir='ltr'>Un·</span> <span class='ocrx_word' id='word_1_146' title='bbox 662 2374 726 2439; x_wconf 87' lang='lat' dir='ltr'>·Qui</span> <span class='ocrx_word' id='word_1_147' title='bbox 737 2376 819 2446; x_wconf 89' lang='lat' dir='ltr'>igitur</span> <span class='ocrx_word' id='word_1_148' title='bbox 827 2395 924 2429; x_wconf 89' lang='lat' dir='ltr'>nunce</span> <span class='ocrx_word' id='word_1_149' title='bbox 937 2378 999 2448; x_wconf 85' lang='lat' dir='ltr'>suga</span> <span class='ocrx_word' id='word_1_150' title='bbox 1007 2380 1186 2450; x_wconf 88' lang='lat' dir='ltr'>excipiuntur,</span> 
     </span>
     <span class='ocr_line' id='line_1_19' title="bbox 18 2446 1186 2528; baseline 0.011 -29"><span class='ocrx_word' id='word_1_151' title='bbox 18 2499 19 2528; x_wconf 62' lang='lat'>,</span> <span class='ocrx_word' id='word_1_152' title='bbox 112 2446 143 2501; x_wconf 91' lang='lat' dir='ltr'>de</span> <span class='ocrx_word' id='word_1_153' title='bbox 153 2450 257 2503; x_wconf 86' lang='lat' dir='ltr'>Lucan.</span> <span class='ocrx_word' id='word_1_154' title='bbox 273 2450 364 2506; x_wconf 70' lang='lat' dir='ltr'>Phari.</span> <span class='ocrx_word' id='word_1_155' title='bbox 382 2451 400 2503; x_wconf 90' lang='lat' dir='ltr'>l.</span> <span class='ocrx_word' id='word_1_156' title='bbox 415 2468 498 2516; x_wconf 79' lang='lat' dir='ltr'>1.;v.</span> <span class='ocrx_word' id='word_1_157' title='bbox 517 2472 543 2505; x_wconf 76' lang='lat' dir='ltr'>a.</span> <span class='ocrx_word' id='word_1_158' title='bbox 671 2454 701 2505; x_wconf 90' lang='lat' dir='ltr'>lri</span> <span class='ocrx_word' id='word_1_159' title='bbox 714 2453 928 2507; x_wconf 88' lang='lat' dir='ltr'>deducunturin</span> <span class='ocrx_word' id='word_1_160' title='bbox 942 2475 1001 2509; x_wconf 88' lang='lat' dir='ltr'>eam</span> <span class='ocrx_word' id='word_1_161' title='bbox 1016 2470 1186 2527; x_wconf 80' lang='lat' dir='ltr'>partemcat·</span> 
     </span>
    </p>
   </div>
   <div class='ocr_carea' id='block_1_5' title="bbox 139 2529 1206 2681">
    <p class='ocr_par' dir='ltr' id='par_1_6' title="bbox 139 2529 1206 2681">
     <span class='ocr_line' id='line_1_20' title="bbox 139 2529 1206 2609; baseline 0.008 -26"><span class='ocrx_word' id='word_1_162' title='bbox 139 2530 231 2591; x_wconf 68' lang='lat' dir='ltr'>imque</span> <span class='ocrx_word' id='word_1_163' title='bbox 243 2529 324 2576; x_wconf 67' lang='lat' dir='ltr'>mmm</span> <span class='ocrx_word' id='word_1_164' title='bbox 333 2529 415 2575; x_wconf 81' lang='lat' dir='ltr'>sceleri</span> <span class='ocrx_word' id='word_1_165' title='bbox 425 2530 586 2577; x_wconf 55' lang='lat' dir='ltr'>mimum·</span> <span class='ocrx_word' id='word_1_166' title='bbox 672 2546 796 2600; x_wconf 89' lang='lat' dir='ltr'>trorum,</span> <span class='ocrx_word' id='word_1_167' title='bbox 818 2534 846 2586; x_wconf 92' lang='lat' dir='ltr'>in</span> <span class='ocrx_word' id='word_1_168' title='bbox 869 2553 920 2606; x_wconf 81' lang='lat' dir='ltr'>qua</span> <span class='ocrx_word' id='word_1_169' title='bbox 934 2536 1077 2608; x_wconf 84' lang='lat' dir='ltr'>populares</span> <span class='ocrx_word' id='word_1_170' title='bbox 1092 2556 1206 2609; x_wconf 33' lang='lat' dir='ltr'>eorum·</span> 
     </span>
     <span class='ocr_line' id='line_1_21' title="bbox 149 2612 936 2681; baseline 0.004 -18"><span class='ocrx_word' id='word_1_171' title='bbox 149 2630 176 2681; x_wconf 90' lang='lat'>7.</span> <span class='ocrx_word' id='word_1_172' title='bbox 198 2612 244 2663; x_wconf 71' lang='lat' dir='ltr'>Ee</span> <span class='ocrx_word' id='word_1_173' title='bbox 262 2615 328 2663; x_wconf 82' lang='lat' dir='ltr'>omui</span> <span class='ocrx_word' id='word_1_174' title='bbox 340 2631 368 2663; x_wconf 89' lang='lat' dir='ltr'>eo</span> <span class='ocrx_word' id='word_1_175' title='bbox 389 2630 493 2664; x_wconf 82' lang='lat' dir='ltr'>numero.</span> <span class='ocrx_word' id='word_1_176' title='bbox 513 2612 575 2663; x_wconf 81' lang='lat' dir='ltr'>Vox</span> <span class='ocrx_word' id='word_1_177' title='bbox 600 2632 629 2664; x_wconf 86' lang='lat' dir='ltr'>eo</span> <span class='ocrx_word' id='word_1_178' title='bbox 670 2614 782 2665; x_wconf 81' lang='lat' dir='ltr'>seorsim</span> <span class='ocrx_word' id='word_1_179' title='bbox 790 2627 881 2667; x_wconf 77' lang='lat' dir='ltr'>erant.</span> <span class='ocrx_word' id='word_1_180' title='bbox 889 2615 936 2667; x_wconf 78' lang='lat' dir='ltr'>M.</span> 
     </span>
    </p>
   </div>
   <div class='ocr_carea' id='block_1_6' title="bbox 18 2662 1265 2852">
    <p class='ocr_par' dir='ltr' id='par_1_7' title="bbox 18 2662 1265 2852">
     <span class='ocr_line' id='line_1_22' title="bbox 18 2662 1183 2749; baseline 0.006 -6"><span class='ocrx_word' id='word_1_181' title='bbox 18 2675 19 2678; x_wconf 8' lang='grc' dir='ltr'><strong>Ἴ</strong></span> <span class='ocrx_word' id='word_1_182' title='bbox 112 2690 184 2744; x_wconf 80' lang='lat' dir='ltr'>abest</span> <span class='ocrx_word' id='word_1_183' title='bbox 199 2710 215 2743; x_wconf 91' lang='lat' dir='ltr'>a</span> <span class='ocrx_word' id='word_1_184' title='bbox 228 2692 321 2744; x_wconf 84' lang='lat' dir='ltr'>multis</span> <span class='ocrx_word' id='word_1_185' title='bbox 334 2689 628 2744; x_wconf 78' lang='lat' dir='ltr'>codicibus.lnn0strn</span> <span class='ocrx_word' id='word_1_186' title='bbox 711 2694 776 2745; x_wconf 78' lang='lat' dir='ltr'>Car.</span> <span class='ocrx_word' id='word_1_187' title='bbox 790 2694 892 2747; x_wconf 85' lang='lat' dir='ltr'><strong>XXIX.</strong></span> <span class='ocrx_word' id='word_1_188' title='bbox 908 2713 932 2747; x_wconf 91' lang='lat'>1.</span> <span class='ocrx_word' id='word_1_189' title='bbox 946 2662 1183 2749; x_wconf 59' lang='lat' dir='ltr'>Consohtucotorss</span> 
     </span>
     <span class='ocr_line' id='line_1_23' title="bbox 113 2769 1265 2852; baseline 0.001 -30"><span class='ocrx_word' id='word_1_190' title='bbox 113 2769 188 2840; x_wconf 74' lang='lat'><strong><em>5764</em></strong></span> <span class='ocrx_word' id='word_1_191' title='bbox 213 2782 321 2836; x_wconf 85' lang='lat' dir='ltr'>exstat,</span> <span class='ocrx_word' id='word_1_192' title='bbox 344 2782 371 2822; x_wconf 88' lang='lat' dir='ltr'>et</span> <span class='ocrx_word' id='word_1_193' title='bbox 399 2771 436 2822; x_wconf 87' lang='lat' dir='ltr'>ita</span> <span class='ocrx_word' id='word_1_194' title='bbox 459 2770 535 2841; x_wconf 91' lang='lat' dir='ltr'>loqui</span> <span class='ocrx_word' id='word_1_195' title='bbox 558 2784 627 2825; x_wconf 82' lang='lat' dir='ltr'>amat</span> <span class='ocrx_word' id='word_1_196' title='bbox 671 2783 780 2845; x_wconf 74' lang='lat' dir='ltr'>tonoque</span> <span class='ocrx_word' id='word_1_197' title='bbox 795 2784 838 2826; x_wconf 85' lang='lat' dir='ltr'>est.</span> <span class='ocrx_word' id='word_1_198' title='bbox 858 2773 892 2826; x_wconf 92' lang='lat' dir='ltr'>Et</span> <span class='ocrx_word' id='word_1_199' title='bbox 907 2772 950 2838; x_wconf 92' lang='lat' dir='ltr'>id,</span> <span class='ocrx_word' id='word_1_200' title='bbox 971 2772 1045 2827; x_wconf 90' lang='lat' dir='ltr'>clade</span> <span class='ocrx_word' id='word_1_201' title='bbox 1064 2789 1185 2852; x_wconf 81' lang='lat' dir='ltr'>acceptu,</span> <span class='ocrx_word' id='word_1_202' title='bbox 1258 2805 1265 2823; x_wconf 79' lang='lat'><em>.</em></span> 
     </span>
    </p>
   </div>
   <div class='ocr_carea' id='block_1_7' title="bbox 18 2849 1183 2925">
    <p class='ocr_par' dir='ltr' id='par_1_8' title="bbox 18 2849 1183 2925">
     <span class='ocr_line' id='line_1_24' title="bbox 18 2849 1183 2925; baseline 0.009 -25"><span class='ocrx_word' id='word_1_203' title='bbox 18 2907 23 2923; x_wconf 34' lang='grc' dir='ltr'>ι</span> <span class='ocrx_word' id='word_1_204' title='bbox 110 2862 209 2904; x_wconf 85' lang='lat' dir='ltr'>noster.</span> <span class='ocrx_word' id='word_1_205' title='bbox 670 2849 732 2905; x_wconf 89' lang='lat' dir='ltr'>duci</span> <span class='ocrx_word' id='word_1_206' title='bbox 745 2853 867 2925; x_wconf 74' lang='lat' dir='ltr'>praecipit</span> <span class='ocrx_word' id='word_1_207' title='bbox 880 2856 973 2925; x_wconf 83' lang='lat' dir='ltr'>Veget.</span> <span class='ocrx_word' id='word_1_208' title='bbox 984 2855 1002 2907; x_wconf 83' lang='lat' dir='ltr'>l.</span> <span class='ocrx_word' id='word_1_209' title='bbox 1017 2872 1068 2921; x_wconf 88' lang='lat'>111,</span> <span class='ocrx_word' id='word_1_210' title='bbox 1083 2874 1106 2909; x_wconf 90' lang='lat' dir='ltr'>c.</span> <span class='ocrx_word' id='word_1_211' title='bbox 1123 2857 1157 2909; x_wconf 78' lang='lat'>25</span> <span class='ocrx_word' id='word_1_212' title='bbox 1175 2876 1183 2911; x_wconf 91' lang='lat'><strong>:</strong></span> 
     </span>
    </p>
   </div>
   <div class='ocr_carea' id='block_1_8' title="bbox 34 2930 1184 3870">
    <p class='ocr_par' dir='ltr' id='par_1_9' title="bbox 34 2930 1184 3870">
     <span class='ocr_line' id='line_1_25' title="bbox 148 2930 1183 3005; baseline 0.006 -22"><span class='ocrx_word' id='word_1_213' title='bbox 148 2931 176 2983; x_wconf 87' lang='lat'>8.</span> <span class='ocrx_word' id='word_1_214' title='bbox 194 2932 242 2983; x_wconf 71' lang='lat' dir='ltr'>Ex</span> <span class='ocrx_word' id='word_1_215' title='bbox 256 2932 324 2999; x_wconf 77' lang='lat' dir='ltr'>firgo</span> <span class='ocrx_word' id='word_1_216' title='bbox 344 2933 443 2999; x_wconf 72' lang='lat' dir='ltr'>excepit.</span> <span class='ocrx_word' id='word_1_217' title='bbox 459 2930 527 2996; x_wconf 78' lang='lat' dir='ltr'>Alii,</span> <span class='ocrx_word' id='word_1_218' title='bbox 546 2934 581 2981; x_wconf 83' lang='lat' dir='ltr'>tic</span> <span class='ocrx_word' id='word_1_219' title='bbox 597 2953 627 2984; x_wconf 76' lang='lat' dir='ltr'>ex</span> <span class='ocrx_word' id='word_1_220' title='bbox 672 2932 812 3001; x_wconf 82' lang='lat' dir='ltr'>Colligeudi</span> <span class='ocrx_word' id='word_1_221' title='bbox 825 2946 882 2985; x_wconf 83' lang='lat' dir='ltr'>sunt</span> <span class='ocrx_word' id='word_1_222' title='bbox 896 2938 1032 3005; x_wconf 81' lang='lat' dir='ltr'>superstites</span> <span class='ocrx_word' id='word_1_223' title='bbox 1044 2935 1119 2999; x_wconf 75' lang='lat' dir='ltr'>bello,</span> <span class='ocrx_word' id='word_1_224' title='bbox 1136 2942 1183 2989; x_wconf 85' lang='lat' dir='ltr'>eri·</span> 
     </span>
     <span class='ocr_line' id='line_1_26' title="bbox 104 3009 1183 3085; baseline 0.007 -25"><span class='ocrx_word' id='word_1_225' title='bbox 104 3014 167 3080; x_wconf 83' lang='lat' dir='ltr'>fuga</span> <span class='ocrx_word' id='word_1_226' title='bbox 187 3013 289 3079; x_wconf 69' lang='lat' dir='ltr'>excepit.</span> <span class='ocrx_word' id='word_1_227' title='bbox 305 3009 465 3062; x_wconf 88' lang='lat' dir='ltr'>Particulam</span> <span class='ocrx_word' id='word_1_228' title='bbox 481 3014 515 3061; x_wconf 85' lang='lat' dir='ltr'>sic</span> <span class='ocrx_word' id='word_1_229' title='bbox 533 3028 626 3081; x_wconf 88' lang='lat' dir='ltr'>agnos·</span> <span class='ocrx_word' id='word_1_230' title='bbox 669 3013 743 3081; x_wconf 82' lang='lat' dir='ltr'>gendi</span> <span class='ocrx_word' id='word_1_231' title='bbox 755 3013 1096 3085; x_wconf 73' lang='lat' dir='ltr'>adhortattbnibuscougtuis,</span> <span class='ocrx_word' id='word_1_232' title='bbox 1107 3027 1183 3069; x_wconf 86' lang='lat' dir='ltr'>etar-</span> 
     </span>
     <span class='ocr_line' id='line_1_27' title="bbox 108 3087 1092 3161; baseline 0.004 -17"><span class='ocrx_word' id='word_1_233' title='bbox 108 3103 172 3144; x_wconf 91' lang='lat' dir='ltr'>cunt</span> <span class='ocrx_word' id='word_1_234' title='bbox 187 3088 289 3142; x_wconf 85' lang='lat' dir='ltr'>Audin.</span> <span class='ocrx_word' id='word_1_235' title='bbox 302 3089 390 3143; x_wconf 75' lang='lat' dir='ltr'>Oxou</span> <span class='ocrx_word' id='word_1_236' title='bbox 406 3087 481 3141; x_wconf 85' lang='lat' dir='ltr'>Leid.</span> <span class='ocrx_word' id='word_1_237' title='bbox 496 3090 576 3161; x_wconf 88' lang='lat' dir='ltr'>prim.</span> <span class='ocrx_word' id='word_1_238' title='bbox 592 3092 628 3144; x_wconf 86' lang='lat' dir='ltr'>Et</span> <span class='ocrx_word' id='word_1_239' title='bbox 670 3110 760 3144; x_wconf 81' lang='lat' dir='ltr'>morum</span> <span class='ocrx_word' id='word_1_240' title='bbox 776 3097 949 3146; x_wconf 82' lang='lat' dir='ltr'>instauratione</span> <span class='ocrx_word' id='word_1_241' title='bbox 963 3096 1092 3161; x_wconf 80' lang='lat' dir='ltr'>refovendi.</span> 
     </span>
     <span class='ocr_line' id='line_1_28' title="bbox 107 3168 1184 3242; baseline 0 -17"><span class='ocrx_word' id='word_1_242' title='bbox 107 3190 136 3225; x_wconf 84' lang='lat' dir='ltr'>ea</span> <span class='ocrx_word' id='word_1_243' title='bbox 145 3183 222 3225; x_wconf 86' lang='lat' dir='ltr'>certe</span> <span class='ocrx_word' id='word_1_244' title='bbox 235 3171 276 3222; x_wconf 86' lang='lat' dir='ltr'>siu</span> <span class='ocrx_word' id='word_1_245' title='bbox 289 3168 418 3242; x_wconf 86' lang='lat' dir='ltr'>exprimi,</span> <span class='ocrx_word' id='word_1_246' title='bbox 428 3182 455 3221; x_wconf 87' lang='lat' dir='ltr'>at</span> <span class='ocrx_word' id='word_1_247' title='bbox 466 3168 558 3222; x_wconf 83' lang='lat' dir='ltr'>saltem</span> <span class='ocrx_word' id='word_1_248' title='bbox 567 3172 627 3223; x_wconf 89' lang='lat' dir='ltr'>sub·</span> <span class='ocrx_word' id='word_1_249' title='bbox 712 3192 737 3225; x_wconf 69' lang='grc' dir='ltr'>α.</span> <span class='ocrx_word' id='word_1_250' title='bbox 745 3173 776 3224; x_wconf 86' lang='lat' dir='ltr'>In</span> <span class='ocrx_word' id='word_1_251' title='bbox 789 3178 848 3225; x_wconf 86' lang='lat' dir='ltr'>acie.</span> <span class='ocrx_word' id='word_1_252' title='bbox 863 3174 934 3226; x_wconf 88' lang='lat' dir='ltr'>Bene</span> <span class='ocrx_word' id='word_1_253' title='bbox 948 3192 980 3225; x_wconf 87' lang='lat' dir='ltr'>ex</span> <span class='ocrx_word' id='word_1_254' title='bbox 992 3176 1090 3227; x_wconf 88' lang='lat' dir='ltr'>nostris</span> <span class='ocrx_word' id='word_1_255' title='bbox 1104 3175 1184 3229; x_wconf 85' lang='lat' dir='ltr'>codd.</span> 
     </span>
     <span class='ocr_line' id='line_1_29' title="bbox 107 3248 1157 3323; baseline 0.004 -19"><span class='ocrx_word' id='word_1_256' title='bbox 107 3250 223 3322; x_wconf 86' lang='lat' dir='ltr'>intelligi</span> <span class='ocrx_word' id='word_1_257' title='bbox 230 3248 317 3303; x_wconf 86' lang='lat' dir='ltr'>debet.</span> <span class='ocrx_word' id='word_1_258' title='bbox 327 3250 424 3303; x_wconf 86' lang='lat' dir='ltr'>Noster</span> <span class='ocrx_word' id='word_1_259' title='bbox 433 3250 626 3321; x_wconf 66' lang='lat' dir='ltr'>5764‚simpli·</span> <span class='ocrx_word' id='word_1_260' title='bbox 669 3250 710 3302; x_wconf 76' lang='lat' dir='ltr'>al.</span> <span class='ocrx_word' id='word_1_261' title='bbox 727 3256 779 3317; x_wconf 80' lang='lat' dir='ltr'>acie</span> <span class='ocrx_word' id='word_1_262' title='bbox 784 3272 794 3313; x_wconf 90' lang='lat'><em>;</em></span> <span class='ocrx_word' id='word_1_263' title='bbox 809 3253 907 3323; x_wconf 86' lang='lat' dir='ltr'>absque</span> <span class='ocrx_word' id='word_1_264' title='bbox 919 3252 1107 3323; x_wconf 71' lang='lat' dir='ltr'>praepositione</span> <span class='ocrx_word' id='word_1_265' title='bbox 1124 3260 1157 3308; x_wconf 83' lang='lat' dir='ltr'>iu.</span> 
     </span>
     <span class='ocr_line' id='line_1_30' title="bbox 106 3325 1183 3403; baseline 0.001 -18"><span class='ocrx_word' id='word_1_266' title='bbox 106 3331 162 3385; x_wconf 87' lang='lat' dir='ltr'>cius</span> <span class='ocrx_word' id='word_1_267' title='bbox 170 3350 180 3384; x_wconf 90' lang='lat'>:</span> <span class='ocrx_word' id='word_1_268' title='bbox 188 3330 284 3381; x_wconf 79' lang='lat' dir='ltr'>silentio</span> <span class='ocrx_word' id='word_1_269' title='bbox 296 3334 331 3382; x_wconf 81' lang='lat' dir='ltr'>sic</span> <span class='ocrx_word' id='word_1_270' title='bbox 344 3333 443 3401; x_wconf 76' lang='lat' dir='ltr'>excepit.</span> <span class='ocrx_word' id='word_1_271' title='bbox 451 3325 572 3381; x_wconf 87' lang='lat' dir='ltr'>Prudens</span> <span class='ocrx_word' id='word_1_272' title='bbox 579 3348 626 3384; x_wconf 85' lang='lat' dir='ltr'>au·</span> <span class='ocrx_word' id='word_1_273' title='bbox 712 3331 737 3382; x_wconf 87' lang='grc'>3.</span> <span class='ocrx_word' id='word_1_274' title='bbox 746 3330 851 3393; x_wconf 84' lang='lat' dir='ltr'>Errare,</span> <span class='ocrx_word' id='word_1_275' title='bbox 866 3336 937 3403; x_wconf 83' lang='lat' dir='ltr'>siqui</span> <span class='ocrx_word' id='word_1_276' title='bbox 945 3336 969 3382; x_wconf 82' lang='lat' dir='ltr'>in</span> <span class='ocrx_word' id='word_1_277' title='bbox 977 3331 1051 3394; x_wconf 80' lang='lat' dir='ltr'>bello,</span> <span class='ocrx_word' id='word_1_278' title='bbox 1065 3344 1110 3386; x_wconf 83' lang='lat' dir='ltr'>etc.</span> <span class='ocrx_word' id='word_1_279' title='bbox 1118 3335 1183 3387; x_wconf 88' lang='lat' dir='ltr'>Nus·</span> 
     </span>
     <span class='ocr_line' id='line_1_31' title="bbox 106 3407 1182 3481; baseline 0 -17"><span class='ocrx_word' id='word_1_280' title='bbox 106 3422 160 3466; x_wconf 84' lang='lat' dir='ltr'>tem</span> <span class='ocrx_word' id='word_1_281' title='bbox 176 3422 236 3463; x_wconf 85' lang='lat' dir='ltr'>erat</span> <span class='ocrx_word' id='word_1_282' title='bbox 250 3410 404 3477; x_wconf 86' lang='lat' dir='ltr'>consilium,</span> <span class='ocrx_word' id='word_1_283' title='bbox 419 3422 450 3461; x_wconf 89' lang='lat' dir='ltr'>ut</span> <span class='ocrx_word' id='word_1_284' title='bbox 466 3407 574 3470; x_wconf 80' lang='lat' dir='ltr'>videtur</span> <span class='ocrx_word' id='word_1_285' title='bbox 589 3428 627 3462; x_wconf 84' lang='lat' dir='ltr'>se·</span> <span class='ocrx_word' id='word_1_286' title='bbox 670 3428 740 3481; x_wconf 83' lang='lat' dir='ltr'>quam</span> <span class='ocrx_word' id='word_1_287' title='bbox 753 3413 827 3472; x_wconf 83' lang='lat' dir='ltr'>enim,</span> <span class='ocrx_word' id='word_1_288' title='bbox 845 3410 881 3462; x_wconf 87' lang='lat' dir='ltr'>ait</span> <span class='ocrx_word' id='word_1_289' title='bbox 893 3410 951 3463; x_wconf 84' lang='lat' dir='ltr'>Liv.</span> <span class='ocrx_word' id='word_1_290' title='bbox 965 3410 1012 3463; x_wconf 86' lang='lat' dir='ltr'>lib.</span> <span class='ocrx_word' id='word_1_291' title='bbox 1026 3418 1091 3475; x_wconf 79' lang='lat' dir='ltr'>xxv,</span> <span class='ocrx_word' id='word_1_292' title='bbox 1106 3416 1182 3465; x_wconf 68' lang='lat' dir='ltr'>mrbus</span> 
     </span>
     <span class='ocr_line' id='line_1_32' title="bbox 106 3489 1182 3566; baseline 0.005 -27"><span class='ocrx_word' id='word_1_293' title='bbox 106 3489 264 3566; x_wconf 76' lang='lat' dir='ltr'>quentibus.</span> <span class='ocrx_word' id='word_1_294' title='bbox 669 3508 740 3560; x_wconf 79' lang='lat' dir='ltr'>quam</span> <span class='ocrx_word' id='word_1_295' title='bbox 756 3492 782 3541; x_wconf 83' lang='lat' dir='ltr'>in</span> <span class='ocrx_word' id='word_1_296' title='bbox 796 3489 859 3541; x_wconf 84' lang='lat' dir='ltr'>bello</span> <span class='ocrx_word' id='word_1_297' title='bbox 874 3501 967 3543; x_wconf 65' lang='lat' dir='ltr'>euentus</span> <span class='ocrx_word' id='word_1_298' title='bbox 982 3490 1131 3561; x_wconf 82' lang='lat' dir='ltr'>respondent.</span> <span class='ocrx_word' id='word_1_299' title='bbox 1148 3494 1182 3546; x_wconf 88' lang='lat' dir='ltr'>Et</span> 
     </span>
     <span class='ocr_line' id='line_1_33' title="bbox 97 3567 1182 3642; baseline 0.005 -21"><span class='ocrx_word' id='word_1_300' title='bbox 97 3582 101 3588; x_wconf 66' lang='lat'><em>⁴</em></span> <span class='ocrx_word' id='word_1_301' title='bbox 153 3590 184 3641; x_wconf 89' lang='lat'>9.</span> <span class='ocrx_word' id='word_1_302' title='bbox 209 3569 388 3641; x_wconf 80' lang='lat' dir='ltr'>Disporaudos.</span> <span class='ocrx_word' id='word_1_303' title='bbox 406 3568 624 3640; x_wconf 85' lang='lat' dir='ltr'>Dispertiendos,</span> <span class='ocrx_word' id='word_1_304' title='bbox 669 3568 766 3621; x_wconf 85' lang='lat' dir='ltr'>Seneca</span> <span class='ocrx_word' id='word_1_305' title='bbox 782 3569 810 3621; x_wconf 92' lang='lat' dir='ltr'>in</span> <span class='ocrx_word' id='word_1_306' title='bbox 826 3567 976 3635; x_wconf 86' lang='lat' dir='ltr'>Thebaide,</span> <span class='ocrx_word' id='word_1_307' title='bbox 988 3582 1037 3623; x_wconf 88' lang='lat' dir='ltr'>act.</span> <span class='ocrx_word' id='word_1_308' title='bbox 1051 3588 1096 3636; x_wconf 73' lang='grc' dir='ltr'>ιν,</span> <span class='ocrx_word' id='word_1_309' title='bbox 1111 3574 1182 3642; x_wconf 77' lang='lat'>6²7:</span> 
     </span>
     <span class='ocr_line' id='line_1_34' title="bbox 34 3648 1182 3722; baseline 0 -19"><span class='ocrx_word' id='word_1_310' title='bbox 34 3711 37 3715; x_wconf 46' lang='grc'>,</span> <span class='ocrx_word' id='word_1_311' title='bbox 106 3648 479 3722; x_wconf 66' lang='lat' dir='ltr'>sejungendosAEujusverbi</span> <span class='ocrx_word' id='word_1_312' title='bbox 492 3650 626 3704; x_wconf 85' lang='lat' dir='ltr'>rariorest</span> <span class='ocrx_word' id='word_1_313' title='bbox 668 3656 897 3705; x_wconf 82' lang='lat' dir='ltr'>Lioetomnetccum</span> <span class='ocrx_word' id='word_1_314' title='bbox 907 3656 1084 3702; x_wconf 79' lang='lat' dir='ltr'>Graecirerobur</span> <span class='ocrx_word' id='word_1_315' title='bbox 1093 3658 1182 3715; x_wconf 73' lang='lat' dir='ltr'>nahm,</span> 
     </span>
     <span class='ocr_line' id='line_1_35' title="bbox 106 3728 1183 3803; baseline -0.006 -19"><span class='ocrx_word' id='word_1_316' title='bbox 106 3750 183 3784; x_wconf 84' lang='lat' dir='ltr'>usus.</span> <span class='ocrx_word' id='word_1_317' title='bbox 193 3729 281 3783; x_wconf 85' lang='lat' dir='ltr'>Plaut.</span> <span class='ocrx_word' id='word_1_318' title='bbox 297 3728 325 3781; x_wconf 87' lang='lat' dir='ltr'>in</span> <span class='ocrx_word' id='word_1_319' title='bbox 338 3730 441 3803; x_wconf 81' lang='lat' dir='ltr'>prolog.</span> <span class='ocrx_word' id='word_1_320' title='bbox 455 3728 527 3782; x_wconf 89' lang='lat' dir='ltr'>Rud.</span> <span class='ocrx_word' id='word_1_321' title='bbox 536 3749 561 3782; x_wconf 86' lang='lat' dir='ltr'>v.</span> <span class='ocrx_word' id='word_1_322' title='bbox 579 3748 623 3782; x_wconf 87' lang='grc' dir='ltr'>ιο.</span> <span class='ocrx_word' id='word_1_323' title='bbox 668 3730 733 3777; x_wconf 86' lang='lat' dir='ltr'>Licet</span> <span class='ocrx_word' id='word_1_324' title='bbox 741 3745 805 3777; x_wconf 78' lang='lat' dir='ltr'>arma</span> <span class='ocrx_word' id='word_1_325' title='bbox 815 3730 885 3793; x_wconf 88' lang='lat' dir='ltr'>longe</span> <span class='ocrx_word' id='word_1_326' title='bbox 897 3730 963 3776; x_wconf 85' lang='lat' dir='ltr'>miles</span> <span class='ocrx_word' id='word_1_327' title='bbox 973 3746 999 3777; x_wconf 78' lang='lat' dir='ltr'>ao</span> <span class='ocrx_word' id='word_1_328' title='bbox 1011 3732 1056 3777; x_wconf 83' lang='lat' dir='ltr'>late</span> <span class='ocrx_word' id='word_1_329' title='bbox 1068 3732 1183 3792; x_wconf 80' lang='lat' dir='ltr'>explicet,</span> 
     </span>
     <span class='ocr_line' id='line_1_36' title="bbox 106 3807 1182 3870; baseline -0.006 -13"><span class='ocrx_word' id='word_1_330' title='bbox 106 3808 586 3870; x_wconf 76' lang='lat' dir='ltr'>lsuospergentenlinmuliadispmt.</span> <span class='ocrx_word' id='word_1_331' title='bbox 640 3813 644 3832; x_wconf 82' lang='lat'><strong><em>¹</em></strong></span> <span class='ocrx_word' id='word_1_332' title='bbox 668 3808 770 3853; x_wconf 76' lang='lat' dir='ltr'>Formas</span> <span class='ocrx_word' id='word_1_333' title='bbox 778 3807 836 3853; x_wconf 83' lang='lat' dir='ltr'>belli</span> <span class='ocrx_word' id='word_1_334' title='bbox 845 3822 936 3869; x_wconf 83' lang='lat' dir='ltr'>semper</span> <span class='ocrx_word' id='word_1_335' title='bbox 944 3807 1132 3868; x_wconf 82' lang='lat' dir='ltr'>aucipitiinloco</span> <span class='ocrx_word' id='word_1_336' title='bbox 1140 3818 1182 3854; x_wconf 86' lang='lat' dir='ltr'>est.</span> 
     </span>
    </p>
   </div>
   <div class='ocr_carea' id='block_1_9' title="bbox 157 3873 1182 3963">
    <p class='ocr_par' dir='ltr' id='par_1_10' title="bbox 157 3873 1182 3963">
     <span class='ocr_line' id='line_1_37' title="bbox 157 3873 1182 3963; baseline 0 -20"><span class='ocrx_word' id='word_1_337' title='bbox 157 3908 207 3944; x_wconf 85' lang='lat'>10.</span> <span class='ocrx_word' id='word_1_338' title='bbox 231 3889 435 3961; x_wconf 77' lang='lat' dir='ltr'>Deducendotque</span> <span class='ocrx_word' id='word_1_339' title='bbox 456 3890 492 3941; x_wconf 83' lang='lat' dir='ltr'>ad</span> <span class='ocrx_word' id='word_1_340' title='bbox 507 3909 570 3943; x_wconf 84' lang='lat' dir='ltr'>suot.</span> <span class='ocrx_word' id='word_1_341' title='bbox 591 3889 624 3941; x_wconf 90' lang='lat' dir='ltr'>In</span> <span class='ocrx_word' id='word_1_342' title='bbox 709 3894 735 3952; x_wconf 75' lang='grc'>4.</span> <span class='ocrx_word' id='word_1_343' title='bbox 747 3890 887 3943; x_wconf 70' lang='lat' dir='ltr'>Proventu.</span> <span class='ocrx_word' id='word_1_344' title='bbox 902 3889 942 3963; x_wconf 81' lang='lat' dir='ltr'>Ita</span> <span class='ocrx_word' id='word_1_345' title='bbox 958 3906 1049 3941; x_wconf 89' lang='lat' dir='ltr'>omnes</span> <span class='ocrx_word' id='word_1_346' title='bbox 1060 3873 1142 3943; x_wconf 54' lang='lat' dir='ltr'>codd:</span> <span class='ocrx_word' id='word_1_347' title='bbox 1155 3902 1182 3942; x_wconf 91' lang='lat' dir='ltr'>et</span> 
     </span>
    </p>
   </div>
   <div class='ocr_carea' id='block_1_10' title="bbox 18 3966 1179 4041">
    <p class='ocr_par' dir='ltr' id='par_1_11' title="bbox 18 3966 1179 4041">
     <span class='ocr_line' id='line_1_38' title="bbox 18 3966 1179 4041; baseline 0 -17"><span class='ocrx_word' id='word_1_348' title='bbox 18 3993 19 4002; x_wconf 54' lang='lat'>¹</span> <span class='ocrx_word' id='word_1_349' title='bbox 105 3989 169 4024; x_wconf 87' lang='lat' dir='ltr'>eam</span> <span class='ocrx_word' id='word_1_350' title='bbox 174 3966 623 4041; x_wconf 69' lang='lat' dir='ltr'>partemcastrorum&#39;ubisuierant.</span> <span class='ocrx_word' id='word_1_351' title='bbox 668 3968 766 4035; x_wconf 85' lang='lat' dir='ltr'>nostri,</span> <span class='ocrx_word' id='word_1_352' title='bbox 775 3969 865 4040; x_wconf 85' lang='lat' dir='ltr'>paucis</span> <span class='ocrx_word' id='word_1_353' title='bbox 878 3968 1003 4039; x_wconf 87' lang='lat' dir='ltr'>exceptis.</span> <span class='ocrx_word' id='word_1_354' title='bbox 1013 3968 1065 4020; x_wconf 86' lang='lat' dir='ltr'>Alii</span> <span class='ocrx_word' id='word_1_355' title='bbox 1078 3980 1179 4024; x_wconf 67' lang='lat' dir='ltr'>eventu.</span> 
     </span>
    </p>
   </div>
   <div class='ocr_carea' id='block_1_11' title="bbox 104 4045 1181 4281">
    <p class='ocr_par' dir='ltr' id='par_1_12' title="bbox 104 4045 1181 4281">
     <span class='ocr_line' id='line_1_39' title="bbox 104 4045 1181 4125; baseline -0.001 -21"><span class='ocrx_word' id='word_1_356' title='bbox 104 4047 181 4125; x_wconf 79' lang='lat' dir='ltr'>Ergo</span> <span class='ocrx_word' id='word_1_357' title='bbox 194 4068 279 4121; x_wconf 83' lang='lat' dir='ltr'>quum</span> <span class='ocrx_word' id='word_1_358' title='bbox 296 4049 425 4103; x_wconf 86' lang='lat' dir='ltr'>exercitus</span> <span class='ocrx_word' id='word_1_359' title='bbox 439 4048 546 4120; x_wconf 78' lang='lat' dir='ltr'>galliam</span> <span class='ocrx_word' id='word_1_360' title='bbox 560 4066 624 4101; x_wconf 90' lang='lat' dir='ltr'>con·</span> <span class='ocrx_word' id='word_1_361' title='bbox 659 4046 703 4102; x_wconf 79' lang='lat' dir='ltr'>&#39;At</span> <span class='ocrx_word' id='word_1_362' title='bbox 713 4061 843 4119; x_wconf 79' lang='lat' dir='ltr'>prouentus</span> <span class='ocrx_word' id='word_1_363' title='bbox 860 4047 989 4119; x_wconf 83' lang='lat' dir='ltr'>significat</span> <span class='ocrx_word' id='word_1_364' title='bbox 1002 4045 1134 4119; x_wconf 81' lang='lat' dir='ltr'>quidquid</span> <span class='ocrx_word' id='word_1_365' title='bbox 1149 4068 1181 4103; x_wconf 85' lang='lat' dir='ltr'>ex</span> 
     </span>
     <span class='ocr_line' id='line_1_40' title="bbox 105 4126 1180 4201; baseline 0 -17"><span class='ocrx_word' id='word_1_366' title='bbox 105 4141 192 4185; x_wconf 77' lang='lat' dir='ltr'>staret</span> <span class='ocrx_word' id='word_1_367' title='bbox 206 4130 352 4183; x_wconf 87' lang='lat' dir='ltr'>multarum</span> <span class='ocrx_word' id='word_1_368' title='bbox 362 4130 500 4182; x_wconf 82' lang='lat' dir='ltr'>civitatum</span> <span class='ocrx_word' id='word_1_369' title='bbox 511 4127 626 4180; x_wconf 91' lang='lat' dir='ltr'>homini·</span> <span class='ocrx_word' id='word_1_370' title='bbox 667 4146 697 4181; x_wconf 85' lang='lat' dir='ltr'>re</span> <span class='ocrx_word' id='word_1_371' title='bbox 712 4128 799 4200; x_wconf 84' lang='lat' dir='ltr'>aliqua</span> <span class='ocrx_word' id='word_1_372' title='bbox 807 4128 944 4201; x_wconf 89' lang='lat' dir='ltr'>provenit,</span> <span class='ocrx_word' id='word_1_373' title='bbox 953 4126 1007 4181; x_wconf 85' lang='lat' dir='ltr'>sire</span> <span class='ocrx_word' id='word_1_374' title='bbox 1014 4128 1128 4181; x_wconf 83' lang='lat' dir='ltr'>faustum</span> <span class='ocrx_word' id='word_1_375' title='bbox 1135 4142 1180 4184; x_wconf 83' lang='lat' dir='ltr'>aut</span> 
     </span>
     <span class='ocr_line' id='line_1_41' title="bbox 106 4204 1181 4281; baseline -0.004 -15"><span class='ocrx_word' id='word_1_376' title='bbox 106 4209 479 4281; x_wconf 80' lang='lat' dir='ltr'>bus‚h0minessingularum</span> <span class='ocrx_word' id='word_1_377' title='bbox 487 4208 624 4264; x_wconf 75' lang='lat' dir='ltr'>civitatum</span> <span class='ocrx_word' id='word_1_378' title='bbox 668 4204 1181 4278; x_wconf 77' lang='lat' dir='ltr'>infaustumsit3etpruuem&#39;reidemvelet</span> 
     </span>
    </p>
   </div>
   <div class='ocr_carea' id='block_1_12' title="bbox 0 0 1504 5034">
    <p class='ocr_par' dir='ltr' id='par_1_13' title="bbox 0 0 1504 5034">
     <span class='ocr_line' id='line_1_42' title="bbox 0 0 1504 5034; baseline 0 0"><span class='ocrx_word' id='word_1_379' title='bbox 0 0 1504 5034; x_wconf 95' lang='lat' dir='ltr'> </span> 
     </span>
    </p>
   </div>
  </div>
 </body>
</html>
