3000 5034
269 471 351 571 rte·
651 479 722 554 nn
750 481 953 556 cauma

316 633 343 671 ·«
358 621 547 714 Hucusque
558 618 824 714 protendebatur
835 615 1085 714 Cisalpinorum
1096 611 1269 688 Gallon'nn
1276 615 1333 685 im·

266 726 415 821 perium,
434 726 652 820 ducentisque
673 725 778 795 ferme
797 721 921 794 abhinc
938 724 1035 793 annis
1054 746 1124 793 non
1143 722 1245 792 modo
1263 724 1337 790 Ita·

204 875 205 878 =
266 829 319 917 liae
339 831 616 922 dominabantur,
643 831 700 901 sed
726 855 802 902 eam
815 831 1021 901 'inexhausta
1044 828 1246 899 fecunditate
1270 855 1331 923 op·-

265 935 460 1032 pleverant,
477 961 582 1034 quum
605 941 773 1026 Senones,
795 939 939 1032 quaesitis
958 939 993 1005 in
1015 938 1167 1025 Etruria,
1186 938 1225 1005 la
1249 939 1331 1004 Tos-

257 1029 372 1131 'eane,
397 1047 493 1116 novis
515 1045 662 1134 sedibus,
681 1045 852 1131 Clusium,
876 1045 1005 1132 anni,
1022 1043 1202 1131 obsedere,
1222 1042 1332 1112 Romae

264 1150 483 1221 imminentes.
507 1153 563 1220 Ob
585 1175 764 1222 commune
779 1150 980 1248 perieulum,
1000 1151 1092 1219 missi
1106 1151 1332 1218 Romanorum

264 1253 382 1351 legati,
404 1281 425 1326 a
446 1257 591 1328 Clusinis
610 1260 727 1346 acciti,
747 1261 806 1352 qui
826 1271 1032 1352 quaererent,
1047 1256 1220 1351 quodnam
1239 1255 1272 1324 id
1282 1256 1333 1356 jus

264 1377 375 1450 esset,
400 1388 518 1460 agrum
540 1389 561 1433 a
582 1366 829 1461 possessoribus
849 1379 979 1459 petere,
1002 1378 1062 1432 aut
1084 1363 1206 1432 minari
1234 1385 1334 1431 anna.

264 1470 482 1565 Respondere
496 1470 599 1560 Galli,
618 1497 656 1540 se
672 1473 707 1540 in
721 1463 828 1540 armis*
833 1471 889 1564 jus
906 1471 1009 1557 ferre,
1026 1484 1060 1539 et
1073 1471 1188 1538 omnia
1201 1469 1332 1538 fortium

262 1577 414 1645 virorum
432 1601 511 1647 esse.
534 1579 719 1672 Quumque
737 1577 854 1672 legati,
868 1571 985 1646 contra
995 1577 1050 1670 jus
1064 1577 1233 1671 gentium,
1246 1599 1333 1646 arma

263 1706 384 1777 capere
403 1699 513 1754 essent
533 1686 626 1773 ausi,
649 1683 890 1779 Gallorumque
910 1682 1032 1778 legatio
1053 1685 1200 1752 Romam
1219 1683 1333 1768 missa,

263 1803 302 1858 ut
328 1803 402 1860 eam
430 1789 583 1886 injuriam
618 1805 833 1885 quereretur,
859 1790 994 1885 indigne
1025 1788 1144 1859 luisset
1181 1803 1333 1884 excepta,

264 1893 353 1965 Galli
382 1898 431 1965 ira
462 1899 613 1974 succensi
640 1898 797 1968 Clusinos
821 1898 997 1985 omittunt,
1027 1910 1062 1966 et
1085 1897 1255 1966 concitato
1275 1920 1331 1991 ag·

262 2002 351 2070 mine
381 2004 525 2072 Romam
552 2019 686 2100 petunt,
713 2008 848 2073 Brenno
874 2002 980 2090 duee,
1008 2026 1097 2073 anno
1123 2003 1229 2072 Urbis
1253 2027 1331 2072 eon·

260 2107 338 2178 ditm
367 2110 593 2199 CCCLXIV,
617 2123 694 2178 ante
722 2111 895 2181 Christum
921 2107 1009 2205 390.
1030 2111 1123 2180 -Vieti
1150 2109 1197 2179 ad
1217 2108 1331 2179 Alliam

261 2213 401 2303 llumen,
417 2219 581 2286 Torrente
593 2217 633 2286 dr·
645 2219 785 2304 Catziro,
796 2217 953 2287 Romani.
969 2218 1079 2312 Capta
1089 2219 1218 2286 Roma:
1233 2216 1331 2286 ferme

260 2336 489 2416 expugnatum
519 2322 738 2419 Capitolium;
764 2338 799 2393 et
821 2348 842 2392 a
866 2323 1048 2394 victoribus
1077 2322 1186 2394 Gallis
1210 2321 1330 2393 laetum

260 2425 377 2522 populi
393 2430 522 2498 romani
537 2432 681 2525 pretium
699 2429 790 2501 mille
808 2429 923 2526 pondo
935 2431 1008 2499 auri
1024 2455 1032 2498 :
1051 2427 1179 2524 gallicae
1193 2433 1329 2500 monetae

259 2531 351 2606 librae
361 2551 439 2605 sunt
449 2533 629 2631 945,000.
639 2528 757 2606 Livius
766 2541 812 2624 V,
823 2533 872 2608 35
885 2551 920 2606 et
928 2561 1018 2632 seqq.
1030 2535 1155 2606 Plinius
1166 2538 1330 2624 ΧΧΧΙΠ,

264 2650 300 2728 i,
320 2637 347 2728 S
371 2637 403 2712 5.
422 2672 439 2708 n
462 2645 517 2713 De
537 2648 675 2714 Brenno
696 2643 764 2713 vid.
786 2647 899 2740 Epnt.
919 2644 1099 2730 Dedicat,
1117 2667 1195 2740 pag.
1218 2667 1294 2714 vru.

315 2776 334 2812 a
350 2749 450 2818 Haud
464 2748 595 2820 illaetior
611 2749 721 2820 fuerat
733 2752 884 2846 Sigoresi
896 2750 1041 2823 fortuna.
1059 2752 1239 2846 Occupato
1253 2753 1330 2820 Her

256 2855 355 2947 cynia
374 2854 471 2944 silva,
495 2881 568 2950 quae
596 2858 776 2927 maximam
800 2857 990 2928 Germaniae
1020 2871 1151 2953 partem
1173 2873 1247 2927 turn
1265 2857 1327 2927 ob-

256 2960 404 3048 tinebat,
426 2960 534 3050 Galli,
555 2987 639 3058 quos
667 2965 755 3033 inter
781 2965 929 3059 insignes
949 2978 1046 3033 erant
1066 2963 1184 3035 Volcae
1206 2967 1327 3035 Tecto-

255 3089 366 3160 sages,
385 3068 417 3136 le
435 3064 571 3139 diocese
589 3069 633 3138 de
653 3072 838 3159 Touhuse,
859 3095 920 3166 per
940 3071 1327 3166 stragesbarbarorum,

253 3169 404 3266 Illyricos
426 3176 536 3265 sinus,
564 3177 602 3244 la
629 3179 809 3265 Corniole,
834 3178 1066 3265 lestarona,
1093 3192 1325 3273 penetravere,

253 3280 498 3376 consedereque
520 3283 554 3351 in
575 3285 765 3372 Pannonia,
785 3286 824 3353 la
845 3287 1019 3380 Hongrr'e,
1040 3285 1243 3355 l'Autrr'clre.
1261 3286 1326 3354 Do

251 3387 340 3455 mitis
363 3389 562 3478 Pannoniis,
592 3414 653 3484 per
676 3383 799 3460 multos
824 3414 930 3460 annos
951 3415 1030 3460 cum
1057 3389 1211 3460 finitimis
1235 3393 1324 3459 varia

249 3491 337 3561 bella
357 3509 538 3587 gesserunt.
556 3496 609 3566 Ibi
627 3521 730 3591 quum
748 3519 829 3592 gens
848 3521 981 3592 aspera,
1002 3496 1129 3584 audax,
1147 3497 1322 3585 bellicosa,

248 3617 389 3669 numero
409 3616 443 3672 et
458 3601 593 3672 fortuna
610 3605 785 3692 crevisset,
798 3628 923 3673 novam
940 3602 1048 3672 laudis
1061 3605 1235 3676 materiem
1248 3629 1320 3673 am-

246 3703 435 3802 plioresque
449 3733 531 3805 opes
542 3711 701 3804 quaesivit.
715 3712 838 3800 Petita,
852 3708 1035 3781 Cambaule
1049 3709 1150 3799 duee,
1162 3712 1319 3796 Thracia,

245 3814 284 3880 Ia
304 3817 493 3901 Romanr‘e5
510 3839 615 3911 eaque
641 3830 790 3906 vastata,
810 3815 897 3886 Galli
917 3815 1029 3913 spoliis
1053 3817 1179 3905 onusti,
1193 3820 1318 3887 Panno

243 3920 337 3988 niam
349 3921 540 4016 vicinasque
557 3922 652 3994 sedes
670 3925 865 4019 repetivere.
883 3923 1079 4012 Pausanias,
1095 3925 1131 3992 in
1146 3925 1317 4006 Phocicis,

242 4023 298 4094 llb.
320 4029 374 4115 X,
394 4050 427 4124 p.
452 4025 578 4116 843.»
655 4072 659 4084 1

299 4147 317 4184 ‘l
329 4135 403 4204 Nec
418 4134 576 4206 diutuma
587 4136 650 4210 fuit
657 4139 965 4233 quies3iterumque
972 4136 1227 4229 recrudescente
1236 4133 1313 4206 belli
