3000 5034
298 523 371 595 166
453 526 492 593 C.
520 524 663 592 JULII
691 520 928 590 CAESARIS
956 519 1235 589 COMMENT.

293 672 366 728 tum
381 658 493 727 hostes
508 656 595 725 ferre
612 680 681 724 non
695 667 896 751 potuerunt,
910 676 951 720 ac
967 666 1063 747 terga
1075 665 1258 720 verterunt
1273 651 1372 739 Quos

292 779 388 834 tanto
420 765 526 858 spatio
554 764 680 849 secuti,
700 777 863 881 quantum
890 783 991 829 cursu
1022 774 1056 827 et
1085 758 1211 826 viribus
1235 757 1373 826 efficere

188 852 191 874 ¹
291 886 491 966 potuerunt,
507 869 696 964 complures
712 894 753 937 ex
773 870 812 936 iis
835 866 1047 954 occiderunt3
1064 865 1200 952 deinde,
1215 864 1374 933 omnibus

292 976 391 1073 longe
423 976 554 1071 lateque
585 975 753 1045 afflictis
744 958 990 1069 incensisquess
1014 998 1049 1042 se
1077 974 1112 1040 in
1143 985 1252 1041 eastra
1279 994 1374 1041 rece·

255 1084 257 1088 ’
291 1099 422 1179 perurit.

345 1188 508 1262 XXXVI.
527 1188 657 1258 Eodem
678 1188 732 1257 die
753 1186 923 1282 legati,ab
943 1187 1096 1256 hostibus
1114 1186 1205 1255 missi
1230 1185 1274 1254 ad
1299 1187 1375 1255 Gae·

292 1320 399 1367 sarem
422 1297 584 1392 depasce,
602 1310 776 1364 venerunt
799 1296 859 1363 His
875 1297 987 1374 Caesar,
1006 1318 1185 1363 numerum
1200 1292 1376 1381 obsidum,

291 1428 392 1497 quem
411 1419 509 1472 antea
533 1404 777 1497 imperaverat,
793 1400 991 1497 duplicavit,
1006 1424 1128 1495 eosque
1144 1401 1179 1468 in
1199 1402 1375 1468 contineri·

291 1524 360 1578 tem
382 1509 503 1599 adduci
519 1511 633 1605 jussit,
648 1508 758 1603 quod,
774 1510 962 1604 propinqua
984 1507 1038 1576 die
1055 1506 1275 1601 aequinoctii¹,
1285 1506 1377 1576 infir·

291 1617 354 1685 mis
369 1617 526 1705 navibus,
538 1617 639 1685 hiemi
654 1617 899 1710 navigationem
915 1612 1171 1708 subjiciendaru'
1183 1639 1253 1681 non
1267 1616 1377 1683 existi

291 1724 414 1792 mahat.
443 1726 541 1819 Ipse,
565 1722 718 1791 idoneam
751 1735 983 1816 tempestatem
1012 1734 1131 1790 nactus
1142 1720 1270 1815 ,paulo
1295 1735 1377 1815 post

290 1829 435 1898 mediam
463 1835 599 1899 noctem
625 1840 727 1897 naves
753 1827 873 1918 solvit,
890 1853 965 1923 quae
985 1852 1102 1897 omnes
1123 1774 1307 1897 incolumes
1328 1826 1374 1897 ad

211 1982 215 1994 ·
291 1938 517 2004 continentem
538 1948 781 2030 pervenerunt3
799 1934 856 2003 sed
876 1958 917 2004 ex
932 1920 1002 2003 his³
1016 1936 1176 2003 onerariae
1199 1932 1275 2003 duae
1297 1959 1374 2005 eos·

290 2040 382 2130 dem,
392 2068 477 2135 quos
492 2040 642 2136 reliquae,
652 2056 770 2137 portus
783 2065 903 2138 capere
919 2066 988 2111 non
1000 2028 1211 2137 potuerunt⁴‚
1221 2056 1256 2110 et
1269 2041 1375 2136 paulo

289 2146 376 2215 infra
396 2146 512 2217 delatae
532 2163 618 2217 sunt.

344 2256 524 2325 XXXVII.
554 2256 686 2344 Quibus
718 2280 760 2324 ex
788 2256 928 2325 navibus
957 2280 1063 2349 quum
1093 2269 1203 2324 essent
1230 2255 1374 2349 expositi

290 2359 410 2430 milites
430 2362 563 2431 circiter
583 2364 695 2450 CCC,
711 2378 811 2457 atque
834 2365 870 2431 in
894 2376 1003 2432 castra
1023 2360 1280 2447 contenderent,
1293 2364 1373 2431 Mo-

290 2468 369 2554 rini,
385 2494 469 2563 quos
487 2472 611 2557 Caesar,
626 2472 661 2539 in
676 2472 880 2540 Britanniam
896 2469 1128 2565 proficiscens,
1144 2483 1280 2564 pacatos
1301 2469 1374 2538 reli

290 2589 423 2668 querat,
433 2602 492 2671 spe
507 2575 627 2670 praedes
642 2576 792 2665 adducti,
806 2578 916 2673 primo
932 2602 1001 2646 non
1019 2578 1066 2645 ita
1086 2600 1210 2671 magno
1231 2600 1372 2645 suorum

289 2704 431 2752 numero
447 2685 755 2772 circumsteterunt,
767 2709 825 2772 ac,
838 2686 865 2753 si
880 2708 950 2753 sese
962 2684 1104 2753 interfici
1120 2680 1264 2771 nollent,
1276 2706 1374 2752 arma

289 2812 414 2881 ponere
431 2792 611 2882 jusserunt.
629 2791 744 2878 Quum
765 2790 811 2859 illi
828 2791 909 2861 orbe
926 2789 1035 2860 facto¹
1047 2815 1118 2860 sese
1135 2782 1372 2876 defenderent,

288 2893 440 2962 celeriter
461 2896 503 2963 ad
519 2890 699 2965 clamorem
720 2898 896 2967 hominum
914 2897 1047 2966 circiter
1066 2895 1230 2966 millieVI
1251 2921 1373 2965 eonve-

287 3014 419 3068 nerunt
437 3001 519 3089 Qua
536 3026 573 3071 re
588 3004 760 3092 nunciata,
777 3007 890 3075 Caesar
904 3029 1040 3073 omnem
1056 3029 1097 3073 ex
1116 3004 1232 3073 castris
1247 3004 1372 3098 equita·

329 3201 473 3274 &Afflictis
479 3205 806 3277 mosmirque.angooedrfi·
848 3204 922 3278 quod
931 3206 959 3257 in
973 3223 1092 3259 mensem
1102 3206 1247 3277 septembr.
1260 3204 1368 3259 incidit.

286 3284 331 3333 ciis
338 3286 448 3335 incensis.
456 3283 497 3335 Ita
510 3302 617 3355 quoque
628 3282 708 3337 codd.
716 3286 804 3352 multi,
884 3287 997 3345 eliens·
1002 3287 1179 3355 navigationem
1184 3285 1367 3356 subjiciendam.

242 3420 247 3429 ¹¹
285 3361 356 3415 inter
372 3378 440 3433 qnos
453 3376 543 3416 noster
561 3366 651 3434 5763;
667 3378 747 3436 atque
762 3385 803 3437 gr.
847 3364 901 3417 Alii
919 3366 1002 3418 bremis
1023 3369 1199 3435 meigatiomm
1211 3366 1367 3419 subeundam.

284 3440 426 3514 interpres.
442 3445 478 3495 At
491 3445 520 3496 in
533 3443 592 3497 cod.
608 3443 717 3497 Andino
730 3446 747 3497 J
750 3487 757 3499 .
772 3446 802 3500 F.
847 3445 984 3499 Noumele
990 3465 1073 3518 quoq.
1081 3444 1174 3499 Nostri
1183 3444 1273 3511 codd,
1285 3447 1367 3498 teni.

284 3521 643 3590 Gronovius‚observ.4‚8‚
652 3524 755 3595 reperit
762 3527 804 3592 af·
889 3527 917 3580 3.
938 3527 990 3580 Sed
1006 3548 1037 3577 er
1057 3526 1108 3588 leis,
1131 3538 1176 3579 ete.
1204 3526 1367 3578 Psi-ticulum

276 3602 357 3673 flictu
376 3605 534 3676 incensisque,
557 3622 636 3674 quam
659 3604 804 3659 lectionem
845 3606 891 3658 red
900 3619 961 3680 post
971 3606 1085 3659 verbum
1096 3617 1228 3677 potuemnt
1240 3604 1325 3659 Aldus
1339 3618 1368 3657 et

281 3683 383 3753 recepit
392 3701 500 3754 quoque
508 3682 687 3755 Oudendorp.
697 3702 729 3737 ex
740 3684 802 3740 cod.
846 3687 1006 3757 posteriores
1013 3699 1207 3757 reposuerunt,
1218 3684 1293 3756 quod
1304 3704 1367 3758 pro·

283 3760 371 3815 Oxon.
379 3774 405 3813 et
411 3764 469 3815 aliis
476 3761 621 3817 codicibus.
631 3764 803 3818 Praes'tantior
845 3767 891 3819 bst
903 3762 1122 3836 Oudendorpius.

281 3842 405 3895 ssnehoec
412 3856 451 3896 est
458 3844 717 3915 lectio—Afflictis.
724 3842 802 3899 Idem
894 3851 921 3908 4.
944 3846 1036 3897 Portus
1054 3864 1138 3916 capere
1160 3864 1209 3896 non
1223 3839 1364 3915 potuerunt.

280 3920 355 3992 quod
366 3926 464 3984 stratu,
479 3927 572 3977 euersis.
845 3924 942 3977 Portus
956 3944 1012 3978 non
1027 3937 1175 3997 potuerunt
1190 3924 1332 3996 appellere.

321 4002 387 4056 Csr.
405 4003 537 4057 XXXVI.
558 4022 583 4056 1.
602 4004 744 4076 Propinqua
761 4006 802 4057 dte
885 4004 951 4059 Cir.
960 4006 1105 4059 XXXVII.
1117 4025 1142 4060 1.
1152 4005 1219 4060 Orbe
1225 4007 1306 4072 facto.
1313 4004 1366 4055 Re-

280 4084 426 4153 oequr'esoctis'.
434 4084 526 4147 Quum
542 4100 630 4155 supe.
645 4083 801 4148 ro‚dixerit
843 4083 1032 4150 sistendi,non
1044 4084 1218 4158 oppugnandi
1228 4084 1363 4137 consens

222 4225 225 4229 ἢ
280 4161 367 4213 Csesar
385 4166 475 4233 exigua
488 4176 560 4234 parte
583 4168 676 4217 certatis
689 4166 798 4237 reliqna,
844 4165 1020 4219 orbemilitari
1032 4164 1095 4218 vide
1107 4166 1177 4220 infra
1190 4166 1208 4219 l.
1222 4182 1292 4231 ηε.
1307 4162 1364 4228 33,

279 4242 470 4314 aequinoctium
489 4245 641 4299 autumnale
662 4245 799 4316 intelligit,
843 4257 871 4300 et
885 4245 990 4300 Ssllust.
1002 4247 1065 4317 lug.
1082 4264 1130 4315 97.
