3000 5034
295 494 364 577 nn
392 508 564 577 nunno
592 508 839 579 Gannico
869 512 964 581 Lm.
993 514 1057 583 lv.
1147 514 1217 588 135

152 662 156 683 ³
192 640 252 709 IV.
276 641 318 707 ln
340 640 457 709 eadem
479 637 595 709 causa¹
616 640 752 709 firerunt
774 644 929 737 Usipetes
947 658 982 713 et
999 644 1219 737 Tenchtheri,

145 768 221 838 quos
243 770 347 841 supra
368 746 526 834 diximus,
541 747 598 840 qui
616 746 805 843 complures
826 772 931 819 annos
945 752 1131 821 Suevorum
1149 756 1218 823 virn

144 852 404 942 sustinuerunt²3
420 854 463 922 ad
484 864 670 922 extremum
691 868 820 942 tamen,
832 859 919 951 agris
934 857 1077 952 expulsi,
1090 875 1125 929 et
1138 860 1219 929 mul-

143 959 178 1026 tis
199 961 391 1029 Germaniae
415 958 494 1030 locis
516 960 694 1029 triennium
713 964 840 1056 vagati,
862 964 905 1032 ad
919 965 1077 1034 Rhenum
1099 991 1216 1061 perve-

142 1081 280 1135 nerunt:
295 1090 378 1161 quas
393 1069 545 1163 regiones
560 1069 708 1162 Menapii
719 1067 926 1160 incolebant,
937 1086 972 1140 et
983 1072 1025 1140 ad
1040 1086 1217 1166 utramque
1323 1129 1327 1138 ,

141 1172 242 1265 ripam
275 1173 421 1243 lluminis
451 1198 569 1269 agros,
587 1173 723 1243 aedificia
754 1175 911 1269 vicosque
941 1177 1133 1267 habebant;
1158 1180 1216 1248 sed

140 1290 234 1348 tantae
263 1279 483 1350 multitudinis
506 1266 615 1349 aditu³
630 1283 812 1375 perterriti,
829 1306 870 1351 ex
894 1282 946 1352 his
967 1283 1130 1372 aedificiis,
1142 1310 1216 1379 quae

140 1396 224 1454 trans
243 1385 370 1455 flumen
392 1387 594 1475 habuerant,
608 1375 979 1482 demigraverantlpct,
992 1391 1038 1459 cis
1057 1392 1214 1461 Rhenum

89 1554 93 1563 ,
138 1489 301 1586 dispositis
323 1494 499 1588 praesidiis,
517 1496 703 1563 Germanos
725 1495 867 1562 transire
888 1496 1123 1589 prohibebant.
1145 1496 1216 1585 Illi,

138 1601 245 1667 omnia
260 1601 403 1693 experti,
412 1625 516 1694 quum
529 1624 637 1694 neque
651 1602 684 1667 vi
697 1600 899 1672 contendere
915 1615 1054 1696 propter
1066 1604 1214 1698 inopiam

138 1707 404 1799 navium,neque
411 1706 495 1776 elam
505 1706 645 1806 transire
655 1720 794 1801 propter
802 1708 969 1777 custodias
978 1709 1213 1803 Menapiorum

138 1826 285 1905 possent,
294 1815 416 1881 reverti
429 1838 463 1882 se
476 1815 510 1880 in
523 1836 598 1881 suas
610 1812 703 1882 sedes
714 1815 931 1908 regionesque
944 1800 1214 1903 simulaverunt⁵3

138 1932 168 1986 et
183 1919 287 1987 tridui
306 1920 394 1986 viam
412 1920 579 2015 progressi
586 1943 601 2005 ,·
612 1943 727 1988 rursus
749 1906 988 2007 reverterunt⁶,
1001 1934 1101 2014 atque
1121 1915 1214 1993 omni

136 2023 196 2095 hoc
211 2026 330 2094 itinere
349 2051 416 2095 uua
434 2039 532 2095 nocte
548 2025 697 2119 equitatu
717 2026 887 2113 confecto,
902 2028 1022 2096 inscios
1038 2028 1212 2122 inopinan-

136 2142 246 2226 tesque
269 2134 445 2227 Menapios
463 2145 716 2227 oppresserunt,
733 2133 791 2225 qui
812 2131 854 2200 de
876 2134 1122 2202 Germanorum
1146 2135 1213 2203 dis·

137 2261 225 2308 cessu
236 2264 299 2334 per
309 2238 534 2334 exploratores
549 2239 706 2308 certiores
721 2236 816 2325 facti,
829 2240 899 2306 sine
910 2253 1002 2308 metu
1018 2251 1109 2308 trans
1120 2241 1211 2309 Rhe-

136 2368 211 2413 num
227 2348 263 2415 in
281 2371 358 2415 suos
374 2348 467 2416 vicos
481 2346 753 2440 remigraverunt.
770 2346 829 2412 His
844 2344 1042 2432 interfectiS,
1055 2347 1211 2416 navibus-

137 2474 195 2545 que
206 2478 326 2523 eorum
336 2455 516 2547 occupatis,
525 2454 617 2547 prius
628 2474 727 2544 quarn
739 2474 779 2519 ea
789 2474 866 2545 pars
875 2452 1126 2544 Menapiorum,
1137 2452 1213 2546 quae

137 2558 213 2627 citra
237 2560 396 2628 Rhenum
411 2561 523 2653 ,quieta
540 2561 575 2626 in
594 2559 660 2627 suis
679 2556 811 2625 sedibus
830 2571 903 2625 erat
914 2556 938 2643 ⁷,
957 2558 1079 2625 certior
1096 2556 1211 2647 fieret,

137 2662 258 2735 llumen
278 2668 497 2754 transierunt,
517 2680 615 2761 atque
633 2662 789 2733 omnihus
809 2686 926 2730 eorum
947 2658 1090 2731 aedificiis
1110 2688 1209 2732 occu·

137 2774 235 2866 patis,
249 2771 412 2867 reliquam
431 2787 561 2867 partem
581 2770 698 2841 hiemis
718 2792 753 2841 se
770 2794 887 2838 eorum
904 2770 1008 2863 copiis
1026 2756 1208 2839 alueruut⁸.

173 2951 241 3005 Car.
256 2950 307 3003 IV.
327 2966 351 3003 1.
368 2949 399 3001 In
412 2947 585 3001 eademcausa.
601 2947 651 2999 Ee·
693 2944 785 3001 Simile
792 2946 827 3010 Q.
835 2944 937 2999 Metelli
949 2957 1105 3028 stratagema
1119 2957 1211 2999 namt

138 3028 196 3085 dem
210 3042 283 3083 rorte
303 3028 344 3081 usi
359 3041 435 3091 sunt,
453 3025 549 3081 eodem
567 3025 649 3079 modo
694 3026 754 3080 val.
770 3026 841 3077 Max.
857 3025 875 3077 l.
889 3043 982 3090 v11,c.
1000 3032 1026 3088 4.

138 3110 221 3165 vexati
245 3109 364 3163 suerunt.
388 3108 426 3161 Μ.
447 3107 541 3167 Malim
561 3119 649 3159 tamen
734 3110 760 3159 6.
772 3105 864 3157 Rursus
875 3117 1027 3157 reuerterunt.
1038 3101 1210 3159 Pleonasmus

139 3190 254 3261 accipere
264 3185 397 3241 incudem
408 3206 499 3252 sensu,
508 3205 562 3259 quo
575 3186 647 3239 Tull.
692 3184 794 3239 Latinis
814 3183 1006 3237 usitatissimus.
1023 3184 1145 3249 Curtius,
1160 3184 1207 3237 lib.

138 3270 193 3336 ll,
207 3268 646 3327 definibuazlueudemcaususunt,
692 3264 750 3327 111,
766 3282 807 3328 113
822 3282 904 3315 rursus
924 3268 950 3315 in
967 3264 1081 3333 pralium
1099 3264 1207 3316 redeunt.

138 3369 184 3421 qua
194 3360 340 3421 arueaquam
352 3352 413 3400 nati.
426 3348 461 3401 Et
472 3347 535 3399 alibi
547 3365 553 3401 :
565 3347 650 3414 Negat
692 3344 801 3397 Petrou.
809 3362 882 3414 ,cap
894 3362 920 3395 x.
930 3343 1022 3395 Rursus
1037 3346 1062 3393 in
1072 3346 1209 3395 memorium

139 3418 649 3499 Platonem‚sisapieirsnonsit,eademesse
692 3435 823 3477 reuocatus.

138 3512 162 3561 in
175 3530 264 3571 cuasa,
279 3530 327 3583 qua
339 3508 484 3579 Dionysium
499 3519 634 3578 tyrannum.
735 3522 761 3572 7.
780 3504 871 3573 Quieta
881 3505 906 3552 ia
920 3504 970 3553 suis
984 3500 1087 3552 sedibus.
1100 3499 1164 3553 Haec
1176 3519 1208 3555 ex

178 3609 202 3643 a.
211 3589 555 3661 Comphum...rrutinuerunt.
561 3582 648 3640 codd.
693 3580 772 3636 codd.
788 3581 905 3635 restituit
917 3577 1093 3651 Oudendorp.
1107 3580 1139 3631 In
1152 3580 1209 3632 vul·
1293 3586 1299 3592 '

138 3670 431 3741 permultisusu'nuert'at.
437 3669 471 3721 At
478 3668 506 3721 in
512 3666 564 3719 hoe
571 3683 650 3721 seusu
692 3662 759 3734 gatis
773 3660 835 3715 edd.
849 3673 951 3715 vacant.
963 3660 1078 3730 Interpr.
1092 3676 1208 3729 grurus:

138 3748 320 3819 reponendum
333 3748 649 3821 quamplures...sustin1oe-
692 3742 781 3813 Ilplvh
796 3743 851 3802 τοὺς
865 3740 906 3794 ἐπὶ
924 3740 1016 3810 talama
1036 3745 1079 3791 τοῦ
1092 3743 1208 3809 ποταμοῦ

139 3830 191 3884 u'ut.
206 3832 288 3885 Recte
301 3830 423 3900 Vulgata.
692 3824 774 3893 aptae
786 3822 859 3881 ὄντας
871 3820 1014 3881 Monachus
1023 3820 1051 3871 τὸ
1064 3820 1208 3889 πραττόμ·

179 3902 649 3979 &AdireGraecdpo'dphlmdveatu.
691 3922 730 3959 νον
745 3905 909 3959 κατανοῆσαι.

177 3989 367 4051 4.Habuerunt‚
374 3989 572 4057 demigraverant.
580 3987 650 4057 Lege
734 3986 762 4039 8.
773 3982 899 4053 Reliquam
909 3992 1018 4052 partem,
1027 3990 1072 4031 etc.
1086 3977 1147 4031 scil.
1159 3996 1209 4049 par

138 4070 224 4138 potius
237 4080 321 4131 erant,
335 4069 535 4139 demigraverant.
693 4062 824 4134 reliquam
837 4062 954 4115 hiemem
960 4057 1149 4113 victitaverant
1164 4076 1209 4111 eo-

143 4192 148 4199 .
178 4151 204 4203 5.
219 4150 354 4205 Reverti...
365 4148 543 4201 simulaverunt.
565 4143 651 4198 Simili
693 4162 756 4197 rum
770 4139 1121 4210 cibariis.-Copia.Vulgo
1133 4138 1209 4189 ubun-

139 4228 190 4284 lae
201 4227 285 4283 modo
297 4246 353 4300 quo
363 4227 450 4283 Greci
459 4239 519 4281 ante
532 4225 649 4295 Troiam.
694 4222 794 4308 dantia,
818 4221 935 4292 εὐπορία,
948 4219 1056 4350 Cic.⁴in
1075 4215 1205 4273 Paradox.

981 4340 1007 4414 9
