3000 5034
307 492 386 566 318
458 491 496 560 C.
523 486 668 559 tutu
695 480 934 553 CAESARIS
962 478 1241 550 COMMENT.

307 621 469 711 niretur²,
499 622 568 693 acie
594 620 756 687 instructa
785 616 1022 709 depugnarent.
1054 611 1123 681 Ubi
1152 611 1320 683 nemiuem
1347 609 1386 679 in

308 757 440 826 aequum
455 730 568 798 locum
579 748 649 795 sese
664 723 860 809 demittere,
871 720 928 791 sed
946 733 1020 789 toto
1034 717 1180 811 undique
1197 741 1298 788 muro
1315 718 1387 787 eir·

230 843 233 853 “
309 837 482 909 cumfundi
498 817 687 920 viderunt³,
701 831 818 917 veriti,
836 852 877 897 ne
895 828 1032 896 omnino
1047 849 1122 918 spes
1138 823 1230 919 'fugae
1247 822 1389 895 tollere·

308 959 384 1034 tur,
404 943 540 1037 abjectis
559 940 680 1026 armis,
698 935 831 1007 ultimas
852 932 966 1029 oppidi
985 945 1097 1028 partes
1119 932 1306 1001 continenti
1319 931 1389 999 im·

309 1052 752 1147 petupetiveruntzparsque
763 1043 940 1136 ibi,quum
952 1050 1279 1133 augustoportarum
1291 1039 1391 1107 exitu

310 1182 345 1227 se
364 1159 426 1252 ipsi
444 1167 658 1252 premerent,
672 1176 693 1219 a
707 1149 865 1219 militibus
879 1174 889 1236 ;
903 1170 981 1242 pars
993 1146 1082 1239 ‚jam
1101 1168 1233 1239 egressa
1254 1145 1391 1238 portis,

309 1264 353 1332 ab
370 1263 534 1357 equitibus
547 1276 598 1330 est
612 1257 786 1328 interfecta
797 1281 805 1325 :
818 1279 881 1325 nec
901 1254 963 1324 fuit
979 1254 1170 1347 quisquam,
1185 1253 1248 1345 qui.
1259 1249 1392 1344 praedm

309 1369 467 1441 studeret.
479 1370 534 1437 Sic
545 1382 580 1437 et
590 1365 780 1436 Genabensi
794 1360 883 1432 oaede
892 1347 917 1449 ⁴,
930 1375 963 1429 et
976 1359 1089 1431 labore
1103 1343 1229 1453 operis⁵
1242 1357 1392 1445 incitati,

310 1502 379 1545 non
391 1489 490 1545 aetate-
498 1474 668 1561 confectis,
679 1495 748 1541 non
762 1468 965 1552 mulieribus,
975 1492 1045 1535 non
1053 1448 1252 1535 infantibus⁶
1261 1488 1393 1573 peper·

354 1682 380 1717 a.
390 1661 494 1716 Obviam
508 1673 593 1713 eontra
607 1663 737 1713 veniretur.
745 1660 824 1713 Pleo·
867 1656 1273 1733 prorsmimmuni,qui‚quum
1288 1659 1392 1713 urbem

307 1755 429 1808 naemus,
439 1742 483 1794 vel
492 1742 580 1812 potius
586 1740 730 1811 tautologia
737 1739 825 1811 ingra-
868 1734 1106 1792 circumveniendo
1124 1736 1253 1809 potuisset
1269 1736 1392 1791 minimo

309 1822 430 1887 tissima,
442 1839 475 1875 ex
490 1822 729 1892 interpretamento
751 1818 825 1872 vocis
868 1836 978 1871 suorum
995 1815 1093 1871 damno
1108 1834 1276 1889 expugnare,
1291 1816 1393 1871 autad

311 1913 396 1952 contra
416 1904 546 1953 renireuo.
562 1900 711 1952 Hotmanus
731 1898 825 1950 obviam
868 1896 1033 1951 deditionem
1054 1895 1200 1962 adducere,
1219 1897 1322 1950 maluit
1342 1916 1392 1969 per

312 1978 391 2032 delet.
406 1979 519 2032 Ursinus
533 1992 559 2032 et
573 1979 690 2031 Faernus
698 1979 727 2031 τὸ
740 1989 826 2029 contro
868 1977 941 2031 vicos
960 1990 986 2031 et
1000 1977 1099 2050 plateas
1113 1976 1210 2049 praeliis
1225 1976 1390 2049 multiplici·

310 2070 628 2130 expungunt3utrumque
634 2070 722 2109 tamen
729 2055 826 2127 legitur
868 2058 919 2110 bus
928 2069 955 2109 et
966 2056 1099 2129 repetitis,
1108 2055 1221 2129 ideoque
1235 2054 1392 2111 admodum

311 2156 355 2210 ap.
372 2136 450 2190 codd.
464 2157 564 2190 onmes.
579 2137 679 2190 Similis
693 2136 826 2207 ferepleo·
868 2134 1238 2209 lethiferis,domos,palatia,
1248 2151 1391 2191 monaste·

312 2235 419 2270 nasmus
434 2236 476 2290 ap.
491 2230 627 2280 nostrum,
642 2217 662 2269 l.
678 2233 758 2281 11r,c.
777 2219 825 2280 61,
868 2216 909 2268 ria
922 2210 1012 2269 omnia
1027 2216 1214 2278 munitissima,
1229 2216 1305 2269 inter
1321 2218 1391 2271 selo·

311 2295 347 2349 de
358 2297 425 2350 Bell.
440 2296 538 2362 Civili3
553 2298 623 2367 vulgo
644 2315 697 2349 vero
715 2294 824 2349 animet
869 2308 993 2367 petorum
1000 2308 1247 2367 tormentorumque
1256 2296 1393 2351 ictusfre·

355 2377 381 2429 3.
394 2375 447 2430 Sed
460 2378 623 2450 totouudlque
637 2396 704 2427 muro
725 2379 825 2427 circum-
869 2375 1054 2445 quentissimos
1075 2376 1173 2447 partim
1193 2372 1324 2439 diruere,
1349 2378 1391 2431 iu·

307 2444 384 2523 fiendi
397 2456 587 2509 uideruntfloo
600 2466 755 2527 stratagema
770 2472 826 2507 me·
869 2452 998 2521 condere,
1009 2473 1089 2527 quam
1103 2455 1211 2509 cesaris
1224 2455 1359 2527 peritiam
1365 2469 1392 2511 et

210 2534 215 2540 ’
312 2534 467 2590 ritolaudut
485 2536 621 2607 Turpinde
637 2534 730 2597 Crisse',
751 2547 771 2587 t.
786 2552 826 2597 11,
869 2533 1152 2605 prudentiamimitari.
1160 2536 1264 2589 Urbem
1273 2536 1391 2607 quidem

312 2634 340 2687 p.
355 2622 392 2684 49
402 2634 408 2668 :
418 2616 464 2668 Les
479 2616 608 2677 Romaim,
624 2613 715 2681 dit-il,
731 2617 829 2683 agione
869 2614 940 2685 cepit
953 2631 960 2667 :
974 2613 1021 2667 sed
1035 2614 1128 2685 quanti
1141 2614 1273 2669 victoria?
1289 2616 1392 2688 viginti

312 2714 410 2765 eugeus
424 2696 454 2747 de
465 2689 556 2764 guerre
566 2697 747 2765 experimentis,
759 2692 827 2744 dene
869 2693 952 2746 millia
963 2693 1122 2763 Gallorum,
1132 2694 1313 2767 quadraginta
1329 2698 1390 2751 mil·

310 2778 382 2845 point
396 2786 507 2846 atroquer
521 2774 633 2825 l'ennemi
650 2772 746 2825 damle
762 2792 826 2824 mor·
868 2772 904 2825 lia
918 2772 1097 2845 Hispanorum
1110 2773 1235 2829 cecidere.
1251 2774 1391 2843 Fortasse,

312 2853 390 2904 otoo
402 2854 464 2905 dam
474 2854 506 2903 les
516 2853 599 2923 places
610 2852 742 2924 publiques,
756 2852 827 2904 d'au·
869 2852 971 2923 inquiet
987 2854 1158 2924 aliquis,u0n
1174 2852 1246 2907 idem
1261 2869 1325 2909 erat
1336 2857 1393 2911 Co·

314 2930 826 3002 toutqu’ildroittrdsffpme'olesbienre·
869 2946 1042 3003 saraugustae,
1058 2934 1105 3004 qui
1119 2934 1237 2999 Avarici,
1253 2935 1335 2989 situs.
1351 2936 1393 2989 Sit

313 3015 397 3063 oesoir.
417 3010 494 3063 Cesar
511 3014 594 3062 ourait
607 3012 685 3081 perdo
706 3012 826 3082 beaucoup
869 3012 906 3065 ita
921 3009 1098 3067 sanettameu
1112 3026 1175 3067 tunc
1189 3015 1339 3085 temporis,
1351 3015 1391 3071 rei

313 3090 344 3141 de
352 3091 436 3141 monde
450 3090 654 3142 tres-inutilemeut
661 3092 722 3142 daus
729 3112 766 3143 ces
776 3092 826 3159 dif-
869 3091 991 3145 militaris
1000 3093 1148 3165 peritorum
1156 3096 1256 3164 justam
1266 3096 1390 3149 nimium

308 3171 413 3237 fetentes
428 3182 546 3243 atraques.
558 3171 604 3222 Les
616 3171 827 3223 Romoinse'taient
869 3189 1006 3225 censuram
1020 3190 1075 3225 non
1091 3173 1184 3244 effugit
1196 3174 1377 3231 Manicheum.

312 3250 347 3301 les
361 3255 457 3302 mai‘tres
476 3250 506 3302 de
527 3250 653 3321 Bourges,
670 3264 695 3303 et
715 3252 827 3303 l'emremi
911 3258 937 3315 4,
957 3251 1181 3307 Cenabensi-crede.
1203 3252 1270 3307 Vid.
1288 3274 1389 3327 supra,

313 3348 343 3381 ue
352 3335 454 3400 pouvuit
461 3349 511 3401 pas
532 3330 585 3381 leur
604 3332 737 3403 eohopper,
749 3350 826 3400 parce
869 3349 926 3402 cap.
941 3331 967 3397 3,
978 3329 1139 3403 ΙιιιῘιιὲΙίὴτὶ.
1344 3374 1347 3381 .

313 3410 385 3481 qu'eu
395 3410 510 3480 lougeaut
523 3411 557 3462 les
570 3423 684 3480 termam
706 3412 736 3462 de
748 3412 826 3462 droite
912 3412 937 3464 5.
953 3412 1047 3463 Labore
1062 3416 1146 3483 operis.
1164 3411 1234 3477 Quia
1252 3413 1282 3466 in
1300 3415 1392 3469 muni·

311 3501 338 3539 et
351 3490 496 3559 degauclre,
511 3490 542 3541 ils
558 3489 734 3557 l'ensermuient
751 3502 776 3539 et
791 3489 826 3541 lui
869 3491 941 3544 tione
954 3492 1068 3543 multum
1089 3492 1186 3545 laboris
1208 3506 1234 3545 et
1254 3495 1391 3549 molestia

312 3573 440 3639 cooperient
452 3569 600 3621 obsolument
610 3582 675 3621 toute
697 3575 777 3641 espeoe
796 3568 826 3620 de
869 3569 1279 3626 exhauriendumfuerat.Vid.c.
1292 3575 1390 3629 22.M.

311 3652 419 3701 retroire,
436 3648 512 3701 Armi
519 3649 554 3699 les
570 3652 672 3719 assiige's
691 3669 721 3701 ite
735 3650 770 3701 les
786 3661 825 3699 ot·
910 3654 936 3704 6.
951 3652 1009 3704 Non
1023 3652 1172 3713 mulieribus,
1185 3672 1233 3705 nou
1250 3654 1390 3720 infantibus

313 3728 485 3779 condirent-tls
495 3747 552 3798 pos.
570 3729 633 3780 Non
644 3748 753 3801 possum
763 3728 791 3782 h.
806 3728 824 3783 l.
865 3745 1029 3801 pepercerunt.
1048 3731 1106 3785 Hoc
1118 3734 1193 3798 loco,
1209 3733 1331 3787 Romani
1355 3738 1392 3788 le·

311 3808 380 3879 quin
395 3826 542 3860 memorem
553 3808 679 3861 famosam
691 3808 825 3863 caesarau-
869 3821 1025 3863 ceruntnon
1034 3810 1107 3882 quod
1114 3812 1178 3864 belli
1188 3814 1249 3883 jure
1256 3815 1390 3879 vetitum,

309 3900 394 3959 gustu
407 3881 556 3956 (Samgosse
568 3885 616 3956 )in
632 3887 759 3960 Hispania
780 3908 825 3941 ur·
869 3887 916 3941 sed
929 3889 1001 3961 quod
1016 3889 1149 3945 crudelius
1167 3904 1243 3945 esset.
1258 3893 1365 3947 Seneca
1381 3912 1389 3947 ε

312 3968 354 4020 bis
382 3966 559 4020 celeberrimas
587 3968 826 4039 expugnationem,
868 3969 994 4023 resnou
1004 3975 1170 4042 captoporcit‚
1182 3984 1335 4043 autpertum
1345 3978 1392 4043 iar·

310 4064 383 4099 anuo
399 4047 491 4117 1809,
507 4046 646 4101 Gallorum
666 4046 734 4102 duce
751 4049 825 4101 Mon·
864 4050 942 4119 pedit.
961 4052 1010 4103 Jus
1030 4070 1094 4104 vero
1112 4050 1178 4105 illud
1194 4053 1391 4124 impunitatem

312 4126 417 4188 tebello,
438 4126 498 4180 viro
523 4128 633 4201 egregias
653 4128 780 4193 vitatis,
800 4140 826 4181 et
870 4130 963 4194 affert,
977 4150 1032 4183 non
1050 4132 1149 4184 factum
1162 4132 1197 4185 ab
1212 4132 1287 4185 omni
1306 4134 1391 4206 culpa

311 4204 491 4274 fortitudinis,
515 4206 563 4262 sed
589 4227 646 4263 nou
669 4206 823 4263 temeritatis
867 4208 970 4266 liberat.
981 4208 1057 4265 Idem
1070 4212 1222 4279 Seneca,iu
1234 4212 1389 4283 Epistolis:
