3000 5034
303 490 375 563 106
444 491 482 561 C.
511 490 654 558 JULII
682 487 913 558 CAESARIS
940 486 1218 556 COMMENT.

297 623 473 719 eruptione
499 621 604 710 facta,
627 646 735 715 neque
759 618 1000 716 cognoscendi,
1024 618 1104 714 quid
1129 618 1240 707 lieret,
1266 643 1376 715 neque

201 748 218 773 ‘⁸
298 732 348 800 sui
377 729 554 825 colligendi
576 729 728 798 hostibus
757 727 950 799 facultatem
976 724 1176 821 relinquunt.
1203 728 1258 794 Ita
1282 750 1375 796 com·

297 851 426 907 mutata
448 837 598 924 fortuna,
608 860 682 924 eos,
697 837 754 929 qui
772 838 807 903 in
824 860 918 931 spem
930 834 1166 929 potiendorum
1188 849 1376 903 castrorum

297 958 458 1013 venerant
469 942 491 1032 ²,
505 942 653 1038 undique
670 944 918 1012 circumventos
939 941 1157 1030 interficiunt,
1169 955 1205 1009 et
1220 964 1262 1009 ex
1272 941 1378 1009 homi·

297 1073 379 1119 num
400 1049 545 1119 millibus
567 1050 709 1145 amplius
729 1050 884 1145 triginta,
900 1073 1000 1144 quem
1021 1072 1199 1117 numerum
1220 1046 1379 1116 barbaro-
1405 1120 1409 1129 ,

297 1182 373 1226 rum
387 1156 429 1225 ad
441 1171 549 1226 castra
568 1159 696 1226 venisse
714 1156 909 1245 constabat,
925 1154 1000 1251 plus
1022 1156 1119 1223 tertia
1138 1139 1251 1251 parte³
1273 1155 1376 1223 inter·

297 1263 406 1351 fecta,
428 1263 572 1358 reliquos
590 1264 785 1359 perterritos
805 1266 840 1333 in
861 1263 977 1358 fugam
998 1262 1197 1355 conjiciunt,
1216 1285 1256 1331 ac
1277 1286 1321 1330 ne
1342 1263 1377 1330 in

297 1368 378 1439 locis
396 1371 530 1465 quidem
553 1372 780 1467 superioribus
801 1372 983 1441 consistere
1004 1371 1187 1464 patiuntur.
1209 1370 1284 1457 Sic,
1302 1393 1376 1437 om·

297 1477 395 1546 nibus
414 1478 561 1548 hostium
583 1480 686 1573 copiis
708 1478 807 1567 fusis,
828 1480 994 1572 armisque
1015 1479 1186 1564 exutis,se
1209 1476 1245 1542 in
1267 1489 1378 1544 castra

298 1586 564 1679 munitionesque
595 1608 670 1655 suas
698 1587 878 1680 recipiunt.¹
900 1587 979 1674 Quo
1009 1582 1122 1679 praelio
1150 1583 1263 1670 facto,
1285 1582 1378 1675 quod

297 1693 415 1785 saepius
431 1692 600 1761 fortunam
615 1707 743 1761 tentare
759 1692 869 1761 Galba
888 1691 1041 1779 nolebat,
1059 1704 1158 1783 atque
1174 1688 1239 1757 alio
1254 1712 1326 1757 sese
1343 1690 1379 1757 in

298 1797 438 1867 hiberna
456 1786 619 1867 consilio⁴
640 1800 770 1867 venisse
796 1800 1010 1883 meminerat,
1026 1796 1097 1864 aliis
1117 1795 1302 1865 occurrisse
1324 1820 1377 1864 re·

297 1904 360 1973 bus
383 1904 527 1991 viderat,
543 1906 686 1971 maxime
711 1904 872 1971 frumenti
889 1917 1161 1997 commeatusque
1178 1903 1291 1997 inopia
1305 1928 1379 1996 per·

297 2024 426 2097 motus,
444 2024 580 2105 postero
610 2010 663 2078 die
693 2009 849 2106 omnibus
870 2009 941 2103 ejus
962 2009 1028 2078 vici
1049 2007 1193 2077 aedificiis
1215 2010 1378 2097 incensis,

296 2117 331 2182 in
358 2118 569 2186 Provinciam
600 2117 722 2184 reverti
747 2114 920 2185 contendit
935 2142 943 2184 t
958 2140 998 2185 ac
1024 2114 1116 2184 nullo
1140 2115 1237 2185 hoste
1261 2116 1378 2211 prohi-

295 2221 414 2311 bente,
429 2238 488 2292 aut
508 2225 571 2293 iter
592 2222 1023 2312 demorante,incolumem
1045 2222 1208 2317 legionem
1229 2224 1264 2289 in
1283 2224 1377 2294 Nan·

296 2342 424 2417 tuates,
443 2330 520 2399 inde
537 2330 572 2398 in
593 2328 791 2424 Allobrogas
812 2330 983 2426 perduxit,
998 2330 1108 2424 ibique
1126 2330 1293 2398 hiemavit.

338 2432 428 2505 'vlt
449 2438 509 2506 His
531 2437 631 2507 rebus
653 2440 773 2533 gestis,
789 2462 894 2532 quum
913 2438 1069 2506 omnibus
1084 2436 1126 2505 de
1140 2436 1248 2506 causis
1262 2439 1379 2506 Caesor

296 2558 450 2636 pacatam
479 2542 621 2615 Galliam
641 2547 875 2633 existimaret,
894 2546 1056 2639 superatis
1082 2542 1210 2637 Belgis,
1231 2542 1378 2637 expulsis

297 2640 491 2739 Germania,
501 2653 596 2721 victis
609 2654 644 2720 in
655 2651 794 2747 Alpibus
814 2651 974 2740 Sedunis,
993 2666 1092 2745 atque
1108 2652 1155 2719 ita
1170 2652 1251 2718 inita
1265 2651 1378 2755 lsieme

296 2758 331 2823 in
350 2756 520 2852 Illyricum
537 2757 545 2782 ¹
569 2759 740 2853 profectus
761 2772 867 2847 esset,
885 2758 976 2853 quod
994 2782 1050 2827 eas
1071 2782 1204 2852 quoque
1224 2758 1378 2825 nationes

297 2863 406 2952 adire,
429 2879 462 2933 et
493 2866 645 2959 regiones
674 2860 876 2959 cognoscere
906 2864 1058 2952 volebat,
1076 2864 1223 2932 subitum
1250 2863 1377 2933 bellum

296 2971 331 3036 in
350 2969 459 3039 Gallia
477 2986 630 3041 coortum
653 2987 711 3041 est.
734 2974 817 3066 Ejus
833 2971 912 3041 belli
927 2973 999 3041 haec
1013 2970 1077 3041 fuit
1089 2994 1190 3040 causa
1203 2995 1210 3037 :
1223 2972 1258 3039 P.
1275 2972 1376 3040 Cras-

296 3074 380 3145 sus²
409 3076 600 3148 adolescens
633 3106 710 3149 cum
748 3079 877 3175 legione
910 3080 1050 3173 septima
1081 3079 1253 3171 proximus
1284 3101 1377 3146 mare

296 3268 435 3323 Orientem
448 3284 579 3344 spectans,
590 3272 633 3326 rel
644 3271 677 3325 ad
692 3274 813 3339 hostem,
857 3274 923 3336 silio,
941 3284 985 3326 etc.
1000 3272 1086 3326 Galba
1096 3282 1218 3336 venerat,
1232 3282 1263 3322 nt
1277 3270 1376 3324 transi·

295 3367 357 3401 cum
364 3350 448 3404 hostis
460 3366 579 3423 urgeret3
589 3352 720 3419 secunda,
729 3356 815 3407 Decu·
836 3363 838 3370 '
858 3366 916 3405 tum
930 3353 1040 3423 Alpium
1052 3352 1211 3423 patefaceret
1221 3352 1376 3403 mercatori-

296 3448 382 3496 mana,
394 3431 458 3485 huic
468 3434 599 3504 opposita.
608 3434 674 3486 Duae
684 3435 813 3499 laterales,
857 3433 921 3500 bus;
932 3431 977 3486 sed
985 3433 1042 3484 altae
1055 3427 1170 3496 miscil.
1180 3431 1291 3485 rebellio
1300 3431 1376 3483 inco·

295 3528 355 3581 quas
370 3512 530 3583 principales
549 3513 723 3579 dicebantur,
739 3513 814 3585 qnod
856 3513 957 3578 larum,
967 3526 993 3566 et
1006 3512 1133 3564 continua
1146 3511 1237 3583 prelia
1252 3509 1376 3563 obeunda

296 3591 325 3641 in
337 3608 369 3642 eo
383 3591 444 3644 loco
459 3606 560 3659 essent,
573 3595 601 3645 in
613 3594 814 3666 quoprinoipes
857 3604 1031 3654 occurrerem
1045 3590 1106 3645 ideo
1126 3589 1274 3663 pmdenter
1286 3590 1376 3643 noluit

296 3668 404 3724 ordines
431 3670 583 3726 tendebant.
604 3673 706 3726 Harum
732 3674 814 3726 altera
857 3674 991 3726 fortunam
1006 3670 1095 3724 denuo
1111 3682 1222 3724 tentare.

295 3748 402 3804 dextra:
415 3752 495 3805 altera
511 3753 625 3807 sinistra.
898 3752 963 3805 Car.
978 3752 1042 3805 vn.
1057 3770 1082 3803 ι.
1099 3752 1130 3803 In
1141 3752 1275 3823 Illyricum.
1287 3748 1375 3803 codd,

338 3850 363 3883 a.
380 3833 411 3885 In
425 3850 527 3903 spem..
542 3846 667 3885 cenet-ont.
684 3833 770 3886 Ciacc.
787 3847 816 3885 et
857 3832 982 3884 nonnulli
990 3831 1179 3903 praepositione
1190 3844 1294 3894 carent,
1303 3827 1376 3900 qnod

295 3910 411 3965 Ursinus
433 3932 523 3983 spe...
538 3926 662 3966 venerant.
684 3913 771 3979 Male,
788 3925 814 3966 et
857 3909 1374 3983 soepeaociditinnominibnsregionnm.

293 3990 351 4043 sine
366 3994 531 4047 auctoritate.
856 3991 960 4065 lllyrici
980 4004 1083 4065 partem
1104 3992 1215 4045 Censoris
1237 3990 1376 4063 provincia

338 4072 364 4124 3.
378 4072 441 4123 Plus
452 4077 524 4127 tertia
533 4084 615 4144 parte.
632 4074 658 4124 X
672 4072 772 4137 millia,
783 4085 814 4126 ut
858 4072 1019 4126 continebat.

295 4151 332 4203 ait
341 4150 441 4205 Celsus.
453 4150 574 4220 Orosius,
584 4172 635 4205 xxx
646 4152 712 4204 mill.
721 4152 799 4205 Male.
901 4172 927 4206 a.
943 4154 975 4207 P.
998 4151 1108 4205 cussus.
1124 4150 1197 4203 Vide
1218 4169 1299 4223 supra
1317 4166 1375 4220 qun

337 4236 364 4293 l·
377 4232 461 4305 Atque
478 4236 527 4286 alio
542 4254 592 4285 sese
607 4238 632 4285 in
644 4233 742 4286 hiberna
754 4253 811 4285 con·
858 4234 1010 4287 notavimus
1023 4234 1042 4287 l.
1054 4233 1100 4297 II,
1114 4250 1170 4301 cap.
1191 4231 1236 4294 34.
