3000 5034
255 487 329 554 DE
358 485 544 556 BELLO
572 485 842 556 GALLICO
871 485 972 556 LIB.
1000 487 1027 552 I.
1137 489 1184 581 47

10 679 12 720 ;
109 640 209 710 quum
235 621 401 712 spatium,
419 618 510 712 quod
535 633 585 692 est
606 643 677 694 non
694 617 835 725 amptius
858 618 982 712 pedum
998 603 1095 687 Ι)(]4
1095 643 1190 710 ,qua

10 723 11 784 Ῠ
109 724 261 794 flumen
252 727 458 813 internntut,
472 751 568 800 mons
581 727 730 800 continet
746 749 869 819 magne
887 724 1077 810 altitudine,
1089 725 1135 792 ite
1152 738 1197 820 ut,

109 830 277 900 radices
248 857 321 924 ejus
338 834 462 908 montis
474 857 515 907 en
533 837 673 926 utraque
691 847 786 926 porte
804 834 885 926 ripae
904 831 1048 959 fluminis
1065 831 1192 903 coutin-

110 923 227 1032 gant⁵.
257 942 361 1028 Hunc
386 965 501 1015 murus
521 939 744 1012 circumdatus
763 963 876 1012 arcem
893 921 1036 1024 efficitffi
1058 952 1093 1006 et
1113 962 1198 1015 cunr¹

110 1043 232 1137 oppido
252 1046 440 1140 conjungit
450 1050 526 1122 Huc
538 1048 650 1120 Caesar
661 1050 791 1141 maguis
808 1030 950 1117 diurnis
953 1045 1191 1137 nocturnisque

110 1151 282 1221 itineribus
313 1152 507 1249 contendit,
530 1168 761 1248 occupatoque
784 1153 909 1274 oppido
934 1152 979 1221 ibi
1002 1149 1200 1250 praesidium

111 1255 260 1331 collocat.

159 1367 327 1438 XXXIX
341 1368 433 1439 Dum
446 1390 571 1459 pnucos
582 1366 652 1438 dics
668 1367 711 1440 ad
722 1368 964 1439 Vesontionem
982 1388 1031 1434 rer
1023 1364 1192 1437 frumen·

111 1472 201 1552 turice
224 1486 499 1564 commeatusque
528 1497 629 1544 conse
657 1488 827 1560 moratur,
845 1497 887 1542 ex
916 1473 1192 1566 percunctatione

111 1591 302 1648 nostrorum
320 1577 533 1672 vocibusque,
544 1578 719 1662 Gallorum
745 1603 785 1648 ac
806 1591 1049 1664 mercatorum,
1067 1579 1125 1670 qui
1142 1579 1192 1645 in·¹
1218 1605 1221 1608 ⁴

111 1685 195 1774 genti
204 1683 437 1778 magnitudine
447 1681 1059 1778 corporum¹German0s,incredibili
1068 1684 1191 1753 virtute

111 1801 204 1882 atquc
218 1791 458 1886 exercitatione
470 1792 506 1861 in
519 1793 619 1863 annis
629 1815 699 1892 esse
712 1791 955 1886 predicabant,
963 1813 1193 1884 scpenrnnero

90 1899 175 1964 'sese
201 1898 350 1969 cumeis
376 1920 572 1990 congressos
595 1923 637 1966 ne
661 1897 793 1990 vultum
815 1898 949 1993 quidem
968 1912 1068 1990 atque
1085 1897 1193 1974 aciem

110 2001 284 2072 oculorum
297 2004 385 2073 ferre
394 2018 555 2097 potuisse
565 2019 678 2075 tantus
690 2005 800 2074 subito
811 2019 913 2076 timor
921 2028 1056 2077 omnem
1067 2028 1192 2074 excrcr
1272 2096 1274 2101 Ι

110 2121 175 2176 turn
187 2111 387 2205 occupavit,
398 2125 436 2180 ut
447 2135 515 2178 non
524 2109 736 2185 mediocriter
747 2113 897 2196 omniurn
909 2126 1036 2179 mentes
1047 2112 1190 2238 animos3-
1355 2100 1357 2104 ⁸

109 2239 168 2308 que
177 2217 403 2311 perturbaret
411 2217 473 2286 Hic
483 2243 629 2310 primum
639 2233 732 2288 ortus
742 2233 793 2287 est
798 2216 1003 2289 aTnbunrs
1015 2201 1179 2294 rnilitum
1179 2269 1191 2304 ,

109 2468 313 2522 hnncmodum:
322 2462 524 2530 aLDubislalins
531 2465 628 2534 Dubis)
673 2468 799 2538 glexisse,
813 2481 894 2523 utne
912 2467 1067 2540 praesidium
1081 2468 1192 2541 quidem

108 2551 207 2612 Aldua,
225 2548 257 2602 id
280 2561 335 2614 est,
350 2549 431 2602 Dabo
446 2549 488 2603 rel
503 2549 591 2601 Aldua
610 2553 628 2602 ι’.
673 2547 861 2605 introduxerit.
955 2582 958 2588 ·

108 2631 198 2692 Dubis,
217 2630 247 2682 in
269 2641 424 2682 contextum
441 2646 531 2682 errore
545 2629 628 2682 libra·
713 2629 780 2681 Cir.
802 2629 932 2685 XXXIX.
964 2647 989 2684 1.
1020 2629 1073 2699 Qui
1099 2633 1192 2700 ingenti
1278 2668 1280 2671 -

108 2710 209 2761 riorum
222 2709 345 2780 irrepsit,
358 2720 385 2760 et
395 2727 473 2762 voces
488 2707 567 2763 finxit
577 2709 627 2762 Al·
674 2701 776 2777 magnit.
782 2728 916 2780 corporum.
924 2707 1000 2761 Idem
1011 2707 1046 2762 de
1057 2709 1192 2781 iisPomp.

44 2790 47 2798 '
108 2789 189 2853 ᾰιιόἱι,
206 2789 380 2850 Alduadubir,
398 2800 448 2840 etc.
465 2789 505 2840 Ex
519 2788 571 2842 Oc.
673 2786 841 2854 Mela;idem
855 2789 939 2843 Tacit.
952 2788 986 2845 de
1000 2790 1097 2845 morib.
1105 2808 1190 2860 gorm.

145 2877 173 2934 4.
195 2869 256 2922 Νοιι
279 2870 381 2939 ampliut
401 2868 492 2939 pedttm
517 2885 561 2925 uc.
586 2868 630 2922 Ita
716 2888 741 2923 ι.
762 2870 814 2920 Hic
833 2873 937 2941 primum
960 2881 1027 2928 ortuis
1049 2881 1093 2922 est.
1118 2871 1191 2923 Male

108 2949 183 3002 codd.
199 2960 227 3000 et
237 2947 299 3001 edd.
312 2967 406 3000 verum
417 2948 506 3019 potius
520 2965 543 3000 ιι
557 2966 576 3000 ι)
590 2949 629 3000 le·
673 2947 764 3004 Clark.
773 2950 802 3014 b,
812 2951 831 3003 l.
842 2949 949 3007 iteravit
957 2967 1051 3007 rocem
1065 2955 1143 3012 curor,
1157 2969 1191 3004 ex

107 3028 223 3100 gadum
234 3040 324 3082 censet
335 3028 487 3092 D'Anville,
502 3026 530 3080 in
541 3028 630 3084 Norico
671 3026 785 3100 imerpr.
795 3048 889 3100 graeco.
901 3031 1010 3100 Ingrata
1021 3042 1061 3085 est
1071 3031 1122 3086 itta
1131 3050 1192 3087 ιιι·ι

108 3110 135 3161 de
146 3110 173 3162 la
190 3107 285 3170 Gaulo,
300 3128 328 3179 p.
343 3111 410 3176 694.
423 3107 477 3162 Tot
492 3108 564 3160 enim
580 3127 628 3179 pe·
672 3110 783 3182 τολργία,
798 3143 840 3157 --
852 3111 969 3165 Tantum
984 3129 1046 3162 crios
1061 3121 1191 3169 terrorem

107 3187 149 3249 des
164 3191 194 3242 in
211 3189 328 3242 circuitu
346 3189 445 3243 montis
461 3185 563 3245 radices
579 3189 627 3240 ho·
672 3201 796 3259 cepturos
819 3208 853 3242 ex
872 3191 947 3245 vanis
968 3190 1191 3246 confabulationi·

106 3269 183 3334 bent3
206 3269 261 3320 nisi
283 3269 352 3321 forte
375 3269 462 3320 Caesar
481 3267 526 3320 hic
545 3266 627 3338 pedes
671 3267 721 3319 bus
736 3268 884 3338 praevidere
898 3289 954 3321 non
970 3281 1075 3340 poterat
1089 3271 1188 3324 Caesar:

109 3351 217 3421 accipiat
228 3367 279 3418 pro
293 3347 414 3419 passibus
425 3348 627 3414 communibus,
672 3359 788 3402 attamen
803 3347 866 3401 duci
887 3350 996 3403 cuilibet
1011 3349 1076 3400 utile
1096 3347 1189 3402 tdmo·
1232 3391 1235 3426 3

108 3447 171 3498 quos
187 3428 337 3482 conficiunt
348 3426 403 3483 duo
418 3426 499 3498 peden
512 3446 574 3485 cum
584 3427 626 3480 di·
671 3425 741 3490 dum·
752 3445 808 3481 esse
819 3428 863 3481 vel
877 3427 930 3480 hoc
941 3429 1062 3498 exemplo
1073 3429 1188 3498 patebit,

108 3508 197 3562 midio.
215 3509 268 3560 On.
671 3507 768 3562 milites
783 3508 812 3558 in
827 3508 937 3577 regione
956 3507 1087 3577 quelibet,
1102 3509 1190 3561 multo

10 3593 11 3596 ’
147 3590 173 3644 5.
197 3589 359 3658 Contingunt.
377 3587 437 3641 Scil.
451 3587 549 3659 ripam.
566 3588 605 3640 M.
670 3588 753 3658 magis
764 3588 793 3638 in
804 3587 889 3639 aliena
899 3587 1121 3658 etiprisinfensa‚
1133 3607 1190 3642 mo·

146 3673 173 3723 6.
196 3670 272 3720 Hunc
288 3689 349 3722 mur.
366 3668 480 3721 circumd.
499 3687 578 3720 arcem
593 3669 628 3735 os·
670 3679 755 3732 ratos,
766 3668 904 3722 abintimo
921 3663 1107 3740 indigenarum
1119 3687 1189 3732 com-

103 3745 163 3816 ficr't.
176 3746 284 3801 Ibidem
296 3767 343 3802 arx
354 3759 393 3800 est
403 3748 505 3818 posita,
517 3760 546 3802 et
556 3747 627 3800 muri
670 3748 770 3802 mencio
784 3767 890 3816 arcere,
900 3762 979 3820 atque
992 3750 1141 3820 presertim
1154 3751 1188 3802 ab

108 3827 176 3882 illins
204 3828 354 3881 etiamnum
376 3828 494 3898 reliquiar
514 3840 625 3885 exstant.
670 3829 1189 3900 extraneorumetperegrinontinrncol·

108 3907 208 3961 Mirum
224 3921 314 3961 autem
330 3919 369 3960 est
384 3907 562 3974 Ariovistum,
578 3907 625 3978 qui
669 3908 777 3979 loquio,
789 3911 836 3980 qui
850 3911 1009 3981 plerumque
1022 3928 1085 3964 vere
1096 3910 1189 3980 ampli·

108 3986 173 4040 XIV
190 3989 288 4042 abhinc
309 3987 385 4042 annis
402 3987 503 4049 bellurn
517 3988 546 4038 in
562 3989 626 4041 Gal
670 3987 768 4054 licant,
779 4002 806 4042 et
814 3990 876 4045 licta
887 3991 957 4044 veris
966 3987 1126 4061 quandoque
1136 3990 1187 4042 im·

106 4065 148 4120 liis
163 4070 287 4139 gerebat,
302 4087 362 4120 erun
376 4067 471 4120 urbem
489 4080 569 4137 caput
583 4087 626 4120 re·
670 4069 790 4122 miscent.

108 4147 191 4216 pionis
202 4161 229 4202 et
239 4148 351 4201 maximi
343 4147 483 4200 futurem
498 4149 627 4201 momenti
699 4149 725 4202 3.
732 4150 835 4201 Tribuni
840 4150 949 4202 mr'litum
958 4147 1187 4215 Hidicti,ouctore

10 4297 12 4318 Ι
107 4226 146 4279 illi
160 4229 207 4300 qui
221 4229 299 4302 prior
314 4240 481 4301 occupasset,
497 4225 564 4284 odeo
577 4229 1000 4301 ne-Vurrone,1v,14,quosi
1016 4231 1099 4297 terni,
1113 4228 1187 4302 quod
