3000 5034
261 453 311 528 38
406 460 444 527 C.
472 459 614 527 JULII
642 457 873 527 CAESARIS
900 458 1179 529 COMMENT.

259 591 448 720 repetisset,
464 605 576 659 tamen
596 615 670 660 earn
690 615 763 661 rem
784 615 853 659 non
874 593 983 660 minus
1000 616 1042 660 ex
1063 615 1127 661 usu
1146 606 1243 660 terre
1252 591 1332 661 Gal-

258 681 335 764 liae³
337 721 462 791 ,quam
484 695 599 792 populi
625 699 754 766 romani
775 698 959 767 accidisse:
980 712 1158 792 propterea
1182 697 1272 793 quod
1292 722 1333 766 eo

259 802 411 889 consilio,
425 803 663 873 florentissimis
684 780 799 892 rebus,
811 805 928 874 domos
941 829 1017 874 suas
1033 802 1176 874 Helvetii
1190 803 1336 898 reliquis·

259 923 351 997 sent,
364 857 412 978 uti
427 912 489 978 toti
504 910 619 980 Galliae
634 910 757 980 bellurn
774 911 955 999 inferrent,
969 913 1175 1006 imperioque
1192 913 1335 1006 potiren-

258 1029 326 1102 tur,
342 1013 518 1136 locumque
540 1017 707 1086 domicilio
720 1043 762 1087 ex
779 1043 901 1112 magna
914 1021 1011 1113 copia
1022 1017 1221 1112 deligerent,
1234 1041 1335 1110 quem

257 1145 300 1188 ex
320 1125 411 1190 omni
434 1122 542 1192 Gellia
562 1127 884 1220 opportunissimum
902 1149 942 1194 ac
964 1123 1293 1193 fructuosissimum
1280 1148 1334 1216 Ju-

257 1227 423 1298 dicassent
433 1230 668 1326 ,reliquasque
691 1234 840 1302 civitates
858 1217 1109 1326 stipendiarias⁴
1122 1231 1293 1300 heberent
1312 1257 1332 1292 i>

179 1393 180 1396 ,
218 1335 223 1345 ’
258 1335 449 1423 Petierunt,
476 1365 493 1401 r<
508 1339 557 1407 uti
579 1339 640 1406 sibi
659 1337 836 1408 concilium
854 1340 956 1408 totius
969 1337 1113 1408 Galliae
1103 1361 1139 1405 ln
1155 1337 1243 1406 diem
1264 1360 1335 1404 cer·

258 1455 328 1508 tam
355 1442 523 1532 indicere,
544 1444 643 1538 idque
674 1447 815 1515 Caeseris
844 1445 1017 1515 voluntate
1044 1444 1172 1533 facere,
1194 1442 1335 1516 liceret:

259 1571 332 1616 sese
351 1549 477 1618 habere
497 1551 656 1644 quasdam
678 1578 750 1641 res,
764 1576 847 1645 ques
862 1576 903 1620 ex
918 1552 1088 1619 communi
1108 1572 1274 1617 consensu
1293 1547 1338 1614 ab

261 1679 301 1722 eo
316 1670 429 1749 petere
440 1656 571 1725 vellent.
587 1687 604 1722 >2
617 1662 667 1726 Ea
678 1683 714 1725 re
729 1659 903 1750 permissa,
913 1656 1001 1725 diem
1010 1653 1151 1724 concilio
1163 1656 1340 1726 constitue·

261 1775 356 1849 runt,
368 1777 402 1830 et
419 1763 654 1854 jurejurando,
667 1788 708 1829 ne
722 1765 795 1855 quis
813 1764 1018 1848 enuntiaret,
1032 1762 1095 1829 nisi
1112 1761 1233 1853 quibus
1251 1784 1340 1828 com-

260 1869 354 1933 muni
377 1867 514 1936 consilio
535 1869 729 1936 mandatum
747 1883 855 1955 esset,
871 1870 959 1936 inter
983 1893 1018 1936 se
1040 1881 1230 1936 sanxerunt

315 1973 443 2040 XXXI.
457 1976 508 2040 Eo
521 1973 662 2043 concilio
681 1975 833 2063 dimisso,
847 1974 946 2043 iidem
964 1975 1132 2069 principes
1151 1975 1339 2059 civitatum,

262 2078 320 2170 qui
341 2093 417 2146 ante
433 2078 566 2147 firernnt
583 2079 625 2148 ad
638 2083 805 2150 Caesarem
818 2080 841 2169 ¹,
852 2094 1078 2167 reverterunt,
1091 2082 1339 2173 petienmtque,
1426 2146 1434 2156 ,

262 2185 313 2252 uti
330 2184 391 2251 sibi
408 2199 536 2253 secreto
549 2186 583 2253 in
595 2185 750 2254 occulto²
766 2187 807 2255 de
826 2211 886 2256 sua
902 2187 1118 2280 omniumque
1139 2185 1243 2254 salute
1261 2209 1339 2253 curn
1357 2237 1364 2247 ,

263 2315 304 2358 eo
322 2314 420 2384 egere
434 2290 556 2360 liceret.
580 2295 630 2360 Ee
647 2317 683 2360 re
705 2295 899 2387 impetrata,
914 2319 985 2363 sese
1000 2317 1116 2362 omnes
1137 2292 1253 2363 flentes
1266 2293 1339 2359 Cre·
1413 2313 1417 2322 ·

263 2397 330 2463 seri
352 2397 394 2464 ed
415 2397 516 2491 pedes
533 2398 768 2491 projecerunt:
788 2427 805 2462 κ
821 2423 890 2468 non
911 2402 1022 2468 minus
1040 2423 1075 2468 se
1090 2397 1124 2467 id
1138 2396 1342 2467 contendere

265 2504 298 2584 et
327 2499 500 2591 laborare,
514 2528 556 2570 ne
587 2529 643 2592 ea,
658 2529 730 2600 quae
756 2503 932 2595 dixissent,
950 2506 1222 2591 enuntiarentur,
1239 2496 1342 2598 'qutun

264 2610 314 2676 uti
342 2633 407 2698 en,
429 2633 502 2704 quae
532 2601 679 2697 vellent,
703 2613 947 2704 impetrarent:
971 2626 1148 2707 propterea
1178 2609 1292 2702 quod,
1314 2611 1343 2678 si

265 2717 474 2783 enuntiatum
495 2730 600 2804 esset,
614 2741 783 2784 summurn
803 2719 838 2785 in
859 2720 1044 2786 cruciatum
1065 2741 1100 2784 se
1122 2730 1282 2783 venturos
1297 2717 1345 2782 vi-

266 2818 392 2888 derent
413 2851 430 2885 n
451 2823 599 2890 Locutus
617 2837 666 2892 est
681 2849 743 2916 pro
757 2824 809 2892 his
822 2825 1008 2893 Divitiaeus
1024 2821 1172 2890 AEduus:
1190 2851 1207 2886 ι(
1226 2818 1344 2890 Galliae

266 2928 368 2996 totius
390 2912 575 2996 factiones³
594 2953 665 2998 esse
686 2929 792 2999 duas:
812 2930 932 2999 herum
961 2929 1096 2998 alterius
1117 2929 1342 3023 principatum

267 3108 780 3182 seremviridicteminjuriaereferentee3
867 3111 1046 3166 CunxXXl.
1063 3111 1344 3165 r.FumntadCoesa·

267 3183 346 3255 irem,
357 3203 388 3242 ut
401 3203 472 3242 recte
488 3192 610 3244 observet
624 3192 782 3256 merlinus,
827 3211 883 3244 mn.
894 3190 927 3246 Id
938 3205 977 3245 est
987 3193 1055 3264 apud
1065 3192 1194 3245 cesana.
1205 3191 1249 3244 sie
1261 3191 1279 3242 l.
1289 3209 1343 3254 m,

154 3307 159 3316 ·
266 3282 395 3340 reguntur
408 3268 544 3323 interdum
555 3269 609 3324 duo
623 3272 734 3342 genitivi
749 3273 783 3323 ab
826 3290 850 3325 c.
869 3273 950 3341 9,ad
963 3291 1042 3324 omnes
1057 3279 1221 3334 autemut
1235 3272 1344 3323 Terent.
1415 3289 1419 3294 ’

268 3369 324 3402 uno
338 3350 518 3417 substantivo,
533 3351 725 3422 significatione
740 3350 784 3404 di·
825 3352 924 3405 -Heaut
934 3367 1059 3419 aetna,
1069 3356 1114 3406 26.
1123 3351 1342 3404 Esseadsornrem,

268 3448 351 3482 versa.
826 3430 1344 3504 -Quiantesumntflaecverbeciae-

310 3509 512 3564 &Ernsutmce
522 3511 785 3565 Gallioe.N0nminus
827 3513 908 3567 eonio
921 3512 1048 3568 ridentur
1061 3510 1201 3583 superflue.
1288 3539 1292 3545 ⁴

267 3589 297 3640 in
312 3589 482 3642 commodum
497 3591 589 3644 Gallie
607 3590 636 3642 id
651 3593 784 3657 evenisse,
871 3612 897 3645 ι.
909 3593 1005 3646 Secreto
1015 3597 1041 3643 in
1053 3592 1153 3642 occulto.
1165 3587 1261 3641 Srmto
1273 3587 1347 3658 glos·

268 3681 318 3721 etc.
332 3701 373 3710 -
385 3671 466 3720 Teme
476 3669 575 3722 Gallie.
586 3671 624 3721 Ut
634 3670 737 3724 Hirtius
749 3670 785 3723 de
826 3689 885 3724 nem
903 3673 986 3742 sepit3
1004 3668 1052 3722 sed
1068 3670 1105 3720 ita
1124 3665 1203 3720 codd.
1219 3666 1301 3731 Quod
1319 3669 1344 3722 ei

269 3749 299 3801 B.
312 3749 355 3800 Af.
368 3760 437 3800 terroe
448 3748 552 3816 Africo.
569 3749 637 3802 Gell.
652 3768 702 3816 ιιι,
712 3752 743 3816 8,
758 3755 784 3802 in
828 3763 972 3820 utrumque
985 3750 1101 3801 retinere
1111 3746 1194 3811 velie,
1206 3746 1244 3799 sie
1259 3747 1343 3801 inter·

268 3839 334 3884 terra
350 3829 433 3881 Italia.
450 3829 521 3882 Male
535 3829 617 3900 igitur
630 3829 677 3900 qui
691 3848 785 3884 vocem
826 3830 932 3901 protere
948 3847 1011 3881 cum
1029 3825 1204 3898 Oudendorp.
1223 3839 1254 3878 nt
1268 3828 1343 3899 prinu

219 3930 223 3956 ι
270 3919 339 3958 terroe
352 3907 473 3960 inutilem
488 3922 603 3962 censent.
777 3967 780 3972 ,
825 3905 1089 3961 wmoadnuditnm
1093 3907 1239 3978 ,posterius
1250 3908 1344 3958 ocarlro

311 3993 338 4050 4.
352 3987 533 4058 Stipendr'arias.
545 3993 569 4042 A
582 3986 728 4060 stipendio,
740 3987 785 4039 eti·
826 3987 903 4042 ad
876 4006 963 4041 vnum
977 3989 1092 4053 referre,
1107 3999 1138 4040 ut
1152 4004 1196 4058 ep.
1213 3986 1268 4040 cir„
1282 3987 1341 4039 Mil.

269 4065 439 4138 pendiari'ns,
451 4068 479 4120 h.
495 4070 514 4121 l.
530 4069 665 4139 vectigalis.
679 4067 797 4137 Stipenr
828 4067 895 4122 od.
911 4070 1010 4122 Tantas
1025 4081 1050 4120 er
1065 4068 1172 4120 moos
1190 4070 1341 4120 mannes.

271 4145 347 4198 dium
358 4147 431 4218 qnod
442 4165 491 4217 per
506 4148 631 4220 stipes,i.
643 4165 667 4200 e.
680 4146 786 4200 medice
829 4148 936 4203 Onne.

272 4245 322 4280 nra
330 4227 490 4297 ‚colligitun
871 4230 898 4283 3
914 4231 1052 4285 Faenum.
1070 4227 1161 4283 Furio
1181 4224 1271 4297 primo
1291 4224 1341 4277 ho·
