<?xml version="1.0" encoding="UTF-8"?>
<!DOCTYPE html PUBLIC "-//W3C//DTD XHTML 1.0 Transitional//EN"
    "http://www.w3.org/TR/xhtml1/DTD/xhtml1-transitional.dtd">
<html xmlns="http://www.w3.org/1999/xhtml" xml:lang="en" lang="en">
 <head>
  <title>
</title>
<meta http-equiv="Content-Type" content="text/html;charset=utf-8" />
  <meta name='ocr-system' content='tesseract 3.04.00' />
  <meta name='ocr-capabilities' content='ocr_page ocr_carea ocr_par ocr_line ocrx_word'/>
</head>
<body>
  <div class='ocr_page' id='page_1' title='image "./caiusjuliuscsar00caesgoog_0217.png"; bbox 0 0 3000 5034; ppageno 0'>
   <div class='ocr_carea' id='block_1_1' title="bbox 855 274 921 299">
    <p class='ocr_par' dir='ltr' id='par_1_1' title="bbox 855 274 921 299">
     <span class='ocr_line' id='line_1_1' title="bbox 855 274 921 299; baseline 0 0"><span class='ocrx_word' id='word_1_1' title='bbox 855 291 857 294; x_wconf 41' lang='lat' dir='ltr'>v</span> <span class='ocrx_word' id='word_1_2' title='bbox 916 274 921 299; x_wconf 92' lang='lat' dir='ltr'><strong>l</strong></span> 
     </span>
    </p>
   </div>
   <div class='ocr_carea' id='block_1_2' title="bbox 317 409 1227 518">
    <p class='ocr_par' dir='ltr' id='par_1_2' title="bbox 317 409 1227 518">
     <span class='ocr_line' id='line_1_2' title="bbox 317 409 1227 518; baseline -0.008 0"><span class='ocrx_word' id='word_1_3' title='bbox 317 446 388 518; x_wconf 87' lang='lat'><strong>180</strong></span> <span class='ocrx_word' id='word_1_4' title='bbox 446 448 483 515; x_wconf 84' lang='lat' dir='ltr'><strong>o.</strong></span> <span class='ocrx_word' id='word_1_5' title='bbox 511 446 654 515; x_wconf 77' lang='lat' dir='ltr'><strong>ausu</strong></span> <span class='ocrx_word' id='word_1_6' title='bbox 687 409 922 513; x_wconf 74' lang='lat' dir='ltr'><strong>crassius</strong></span> <span class='ocrx_word' id='word_1_7' title='bbox 955 444 1227 514; x_wconf 81' lang='lat' dir='ltr'><strong>oouunur.</strong></span> 
     </span>
    </p>
   </div>
   <div class='ocr_carea' id='block_1_3' title="bbox 304 575 1374 2161">
    <p class='ocr_par' dir='ltr' id='par_1_3' title="bbox 306 575 1374 1413">
     <span class='ocr_line' id='line_1_3' title="bbox 309 575 1371 675; baseline -0.001 -27"><span class='ocrx_word' id='word_1_8' title='bbox 309 579 530 675; x_wconf 86' lang='lat' dir='ltr'>gravibusque</span> <span class='ocrx_word' id='word_1_9' title='bbox 551 578 707 671; x_wconf 90' lang='lat' dir='ltr'><strong>navigiis,</strong></span> <span class='ocrx_word' id='word_1_10' title='bbox 728 601 797 644; x_wconf 91' lang='lat' dir='ltr'><strong>non</strong></span> <span class='ocrx_word' id='word_1_11' title='bbox 823 575 1010 643; x_wconf 88' lang='lat' dir='ltr'><strong>intermisso</strong></span> <span class='ocrx_word' id='word_1_12' title='bbox 1038 576 1221 669; x_wconf 85' lang='lat' dir='ltr'><strong>remigandi</strong></span> <span class='ocrx_word' id='word_1_13' title='bbox 1247 575 1371 665; x_wconf 89' lang='lat' dir='ltr'><strong>labore,</strong></span> 
     </span>
     <span class='ocr_line' id='line_1_4' title="bbox 308 680 1374 781; baseline -0.003 -25"><span class='ocrx_word' id='word_1_14' title='bbox 308 686 483 781; x_wconf 89' lang='lat' dir='ltr'><strong>longarum</strong></span> <span class='ocrx_word' id='word_1_15' title='bbox 504 686 638 753; x_wconf 90' lang='lat' dir='ltr'><strong>navium</strong></span> <span class='ocrx_word' id='word_1_16' title='bbox 659 707 794 751; x_wconf 91' lang='lat' dir='ltr'><strong>cursum</strong></span> <span class='ocrx_word' id='word_1_17' title='bbox 816 680 1040 775; x_wconf 70' lang='lat' dir='ltr'><strong>adaequarunt.</strong></span> <span class='ocrx_word' id='word_1_18' title='bbox 1064 684 1244 751; x_wconf 84' lang='lat' dir='ltr'><strong>Accessum</strong></span> <span class='ocrx_word' id='word_1_19' title='bbox 1266 699 1315 753; x_wconf 91' lang='lat' dir='ltr'><strong>est</strong></span> <span class='ocrx_word' id='word_1_20' title='bbox 1335 684 1374 754; x_wconf 88' lang='lat' dir='ltr'><strong>ad</strong></span> 
     </span>
     <span class='ocr_line' id='line_1_5' title="bbox 308 788 1372 883; baseline -0.003 -21"><span class='ocrx_word' id='word_1_21' title='bbox 308 794 512 862; x_wconf 84' lang='lat' dir='ltr'>Britanniam</span> <span class='ocrx_word' id='word_1_22' title='bbox 530 790 684 867; x_wconf 86' lang='lat' dir='ltr'><strong>omnibus</strong></span> <span class='ocrx_word' id='word_1_23' title='bbox 698 788 843 857; x_wconf 61' lang='lat' dir='ltr'><strong>navibus·</strong></span> <span class='ocrx_word' id='word_1_24' title='bbox 854 788 1037 872; x_wconf 87' lang='lat' dir='ltr'><strong>meridiano</strong></span> <span class='ocrx_word' id='word_1_25' title='bbox 1054 788 1123 875; x_wconf 84' lang='lat' dir='ltr'><strong>fere</strong></span> <span class='ocrx_word' id='word_1_26' title='bbox 1140 803 1304 883; x_wconf 86' lang='lat' dir='ltr'><strong>tempore:</strong></span> <span class='ocrx_word' id='word_1_27' title='bbox 1320 816 1372 859; x_wconf 93' lang='lat' dir='ltr'><strong>ne-</strong></span> 
     </span>
     <span class='ocr_line' id='line_1_6' title="bbox 308 895 1373 993; baseline -0.002 -25"><span class='ocrx_word' id='word_1_28' title='bbox 308 924 372 993; x_wconf 90' lang='lat' dir='ltr'><strong>que</strong></span> <span class='ocrx_word' id='word_1_29' title='bbox 386 902 487 968; x_wconf 91' lang='lat' dir='ltr'><strong>ineo</strong></span> <span class='ocrx_word' id='word_1_30' title='bbox 504 896 700 967; x_wconf 90' lang='lat' dir='ltr'><strong>locohostis</strong></span> <span class='ocrx_word' id='word_1_31' title='bbox 718 895 894 983; x_wconf 81' lang='lat' dir='ltr'><strong>estvisus;</strong></span> <span class='ocrx_word' id='word_1_32' title='bbox 916 895 988 982; x_wconf 90' lang='lat' dir='ltr'><strong>sed,</strong></span> <span class='ocrx_word' id='word_1_33' title='bbox 1011 909 1049 964; x_wconf 92' lang='lat' dir='ltr'><strong>ut</strong></span> <span class='ocrx_word' id='word_1_34' title='bbox 1069 910 1186 989; x_wconf 82' lang='lat' dir='ltr'><strong>postea</strong></span> <span class='ocrx_word' id='word_1_35' title='bbox 1207 898 1317 965; x_wconf 87' lang='lat' dir='ltr'><strong>Caesar</strong></span> <span class='ocrx_word' id='word_1_36' title='bbox 1337 922 1373 966; x_wconf 82' lang='lat' dir='ltr'><strong>cx</strong></span> 
     </span>
     <span class='ocr_line' id='line_1_7' title="bbox 308 1004 1373 1100; baseline -0.003 -25"><span class='ocrx_word' id='word_1_37' title='bbox 308 1007 446 1100; x_wconf 88' lang='lat' dir='ltr'><strong>captivis</strong></span> <span class='ocrx_word' id='word_1_38' title='bbox 466 1005 643 1099; x_wconf 90' lang='lat' dir='ltr'><strong>comperit,</strong></span> <span class='ocrx_word' id='word_1_39' title='bbox 662 1027 765 1096; x_wconf 90' lang='lat' dir='ltr'><strong>quum</strong></span> <span class='ocrx_word' id='word_1_40' title='bbox 784 1025 913 1095; x_wconf 84' lang='lat' dir='ltr'><strong>magnae</strong></span> <span class='ocrx_word' id='word_1_41' title='bbox 933 1025 1051 1070; x_wconf 90' lang='lat' dir='ltr'><strong>manus</strong></span> <span class='ocrx_word' id='word_1_42' title='bbox 1073 1026 1113 1071; x_wconf 93' lang='lat' dir='ltr'><strong>eo</strong></span> <span class='ocrx_word' id='word_1_43' title='bbox 1131 1004 1373 1090; x_wconf 83' lang='lat' dir='ltr'><strong>convenissent,</strong></span> 
     </span>
     <span class='ocr_line' id='line_1_8' title="bbox 306 1094 1372 1204; baseline -0.003 -24"><span class='ocrx_word' id='word_1_44' title='bbox 306 1111 520 1180; x_wconf 90' lang='lat' dir='ltr'><strong>multitudine</strong></span> <span class='ocrx_word' id='word_1_45' title='bbox 535 1111 671 1178; x_wconf 81' lang='lat' dir='ltr'><strong>navium</strong></span> <span class='ocrx_word' id='word_1_46' title='bbox 688 1109 888 1203; x_wconf 75' lang='lat' dir='ltr'><strong>perterritae,</strong></span> <span class='ocrx_word' id='word_1_47' title='bbox 902 1098 996 1201; x_wconf 88' lang='lat' dir='ltr'><strong>(quae</strong></span> <span class='ocrx_word' id='word_1_48' title='bbox 1017 1132 1095 1176; x_wconf 91' lang='lat' dir='ltr'><strong>cum</strong></span> <span class='ocrx_word' id='word_1_49' title='bbox 1112 1094 1298 1189; x_wconf 79' lang='lat' dir='ltr'><strong>annotinis6</strong></span> <span class='ocrx_word' id='word_1_50' title='bbox 1312 1112 1372 1204; x_wconf 91' lang='lat' dir='ltr'><strong>pri-</strong></span> 
     </span>
     <span class='ocr_line' id='line_1_9' title="bbox 306 1213 1374 1345; baseline 0 -61"><span class='ocrx_word' id='word_1_51' title='bbox 306 1220 477 1312; x_wconf 87' lang='lat' dir='ltr'><strong>vatisque,</strong></span> <span class='ocrx_word' id='word_1_52' title='bbox 507 1240 588 1311; x_wconf 84' lang='lat' dir='ltr'><strong>quas</strong></span> <span class='ocrx_word' id='word_1_53' title='bbox 616 1216 666 1284; x_wconf 91' lang='lat' dir='ltr'><strong>sui</strong></span> <span class='ocrx_word' id='word_1_54' title='bbox 693 1216 831 1308; x_wconf 90' lang='lat' dir='ltr'><strong>quisque</strong></span> <span class='ocrx_word' id='word_1_55' title='bbox 860 1213 1046 1282; x_wconf 87' lang='lat' dir='ltr'><strong>commodi⁷</strong></span> <span class='ocrx_word' id='word_1_56' title='bbox 1072 1213 1212 1303; x_wconf 82' lang='lat' dir='ltr'><strong>fecerat,</strong></span> <span class='ocrx_word' id='word_1_57' title='bbox 1239 1215 1374 1345; x_wconf 88' lang='lat' dir='ltr'><strong>amplius</strong></span> 
     </span>
     <span class='ocr_line' id='line_1_10' title="bbox 306 1308 1374 1413; baseline -0.002 -20"><span class='ocrx_word' id='word_1_58' title='bbox 306 1326 432 1393; x_wconf 90' lang='lat' dir='ltr'>DCCC</span> <span class='ocrx_word' id='word_1_59' title='bbox 454 1348 522 1392; x_wconf 77' lang='lat' dir='ltr'><strong>turo</strong></span> <span class='ocrx_word' id='word_1_60' title='bbox 545 1336 640 1391; x_wconf 90' lang='lat' dir='ltr'><strong>erant</strong></span> <span class='ocrx_word' id='word_1_61' title='bbox 661 1322 738 1391; x_wconf 88' lang='lat' dir='ltr'><strong>visae</strong></span> <span class='ocrx_word' id='word_1_62' title='bbox 760 1313 980 1413; x_wconf 90' lang='lat' dir='ltr'><strong>tempore,)a</strong></span> <span class='ocrx_word' id='word_1_63' title='bbox 1001 1319 1112 1389; x_wconf 89' lang='lat' dir='ltr'><strong>littore</strong></span> <span class='ocrx_word' id='word_1_64' title='bbox 1130 1308 1374 1409; x_wconf 85' lang='lat' dir='ltr'><strong>discesserant,</strong></span> 
     </span>
    </p>

    <p class='ocr_par' dir='ltr' id='par_1_4' title="bbox 306 1416 954 1523">
     <span class='ocr_line' id='line_1_11' title="bbox 306 1416 954 1523; baseline -0.003 -26"><span class='ocrx_word' id='word_1_65' title='bbox 306 1453 345 1499; x_wconf 85' lang='lat' dir='ltr'><strong>ac</strong></span> <span class='ocrx_word' id='word_1_66' title='bbox 364 1454 398 1499; x_wconf 91' lang='lat' dir='ltr'><strong>se</strong></span> <span class='ocrx_word' id='word_1_67' title='bbox 406 1416 454 1497; x_wconf 94' lang='lat' dir='ltr'><strong>in</strong></span> <span class='ocrx_word' id='word_1_68' title='bbox 473 1430 645 1523; x_wconf 85' lang='lat' dir='ltr'><strong>superiora</strong></span> <span class='ocrx_word' id='word_1_69' title='bbox 659 1425 732 1497; x_wconf 89' lang='lat' dir='ltr'><strong>loca</strong></span> <span class='ocrx_word' id='word_1_70' title='bbox 751 1426 954 1495; x_wconf 78' lang='lat' dir='ltr'><strong>abdiderant</strong></span> 
     </span>
    </p>

    <p class='ocr_par' dir='ltr' id='par_1_5' title="bbox 304 1532 1374 2161">
     <span class='ocr_line' id='line_1_12' title="bbox 311 1532 1374 1628; baseline -0.001 -23"><span class='ocrx_word' id='word_1_71' title='bbox 311 1612 315 1617; x_wconf 89' lang='lat'><em>.</em></span> <span class='ocrx_word' id='word_1_72' title='bbox 358 1539 418 1605; x_wconf 89' lang='lat' dir='ltr'><strong>IX.</strong></span> <span class='ocrx_word' id='word_1_73' title='bbox 453 1539 583 1623; x_wconf 88' lang='lat' dir='ltr'><strong>Caesar,</strong></span> <span class='ocrx_word' id='word_1_74' title='bbox 603 1535 753 1628; x_wconf 85' lang='lat' dir='ltr'><strong>exposito</strong></span> <span class='ocrx_word' id='word_1_75' title='bbox 775 1534 938 1620; x_wconf 82' lang='lat' dir='ltr'><strong>exercitu,</strong></span> <span class='ocrx_word' id='word_1_76' title='bbox 963 1548 997 1601; x_wconf 94' lang='lat' dir='ltr'><strong>et</strong></span> <span class='ocrx_word' id='word_1_77' title='bbox 1016 1532 1091 1602; x_wconf 93' lang='lat' dir='ltr'><strong>loco</strong></span> <span class='ocrx_word' id='word_1_78' title='bbox 1116 1534 1233 1603; x_wconf 88' lang='lat' dir='ltr'><strong>castris</strong></span> <span class='ocrx_word' id='word_1_79' title='bbox 1258 1534 1374 1604; x_wconf 86' lang='lat' dir='ltr'><strong>idoneo</strong></span> 
     </span>
     <span class='ocr_line' id='line_1_13' title="bbox 305 1637 1373 1737; baseline -0.002 -26"><span class='ocrx_word' id='word_1_80' title='bbox 305 1657 425 1737; x_wconf 91' lang='lat' dir='ltr'><strong>capto,</strong></span> <span class='ocrx_word' id='word_1_81' title='bbox 440 1642 497 1731; x_wconf 81' lang='lat' dir='ltr'><strong>ubi</strong></span> <span class='ocrx_word' id='word_1_82' title='bbox 511 1666 551 1709; x_wconf 85' lang='lat' dir='ltr'><strong>ex</strong></span> <span class='ocrx_word' id='word_1_83' title='bbox 565 1642 704 1735; x_wconf 87' lang='lat' dir='ltr'><strong>captivis</strong></span> <span class='ocrx_word' id='word_1_84' title='bbox 719 1640 891 1733; x_wconf 87' lang='lat' dir='ltr'><strong>cognovit,</strong></span> <span class='ocrx_word' id='word_1_85' title='bbox 900 1664 967 1733; x_wconf 92' lang='lat' dir='ltr'><strong>quo</strong></span> <span class='ocrx_word' id='word_1_86' title='bbox 980 1642 1015 1707; x_wconf 91' lang='lat' dir='ltr'><strong>in</strong></span> <span class='ocrx_word' id='word_1_87' title='bbox 1028 1637 1103 1709; x_wconf 90' lang='lat' dir='ltr'><strong>loco</strong></span> <span class='ocrx_word' id='word_1_88' title='bbox 1116 1640 1263 1709; x_wconf 91' lang='lat' dir='ltr'><strong>hostium</strong></span> <span class='ocrx_word' id='word_1_89' title='bbox 1275 1644 1373 1735; x_wconf 78' lang='lat' dir='ltr'><strong>copia</strong></span> 
     </span>
     <span class='ocr_line' id='line_1_14' title="bbox 305 1744 1373 1841; baseline -0.002 -24"><span class='ocrx_word' id='word_1_90' title='bbox 305 1748 549 1835; x_wconf 86' lang='lat' dir='ltr'><strong>consedissent,</strong></span> <span class='ocrx_word' id='word_1_91' title='bbox 564 1746 758 1815; x_wconf 89' lang='lat' dir='ltr'><strong>cohortibus</strong></span> <span class='ocrx_word' id='word_1_92' title='bbox 769 1744 822 1813; x_wconf 86' lang='lat' dir='ltr'><strong>X¹</strong></span> <span class='ocrx_word' id='word_1_93' title='bbox 841 1745 883 1813; x_wconf 90' lang='lat' dir='ltr'><strong>ad</strong></span> <span class='ocrx_word' id='word_1_94' title='bbox 895 1770 986 1813; x_wconf 91' lang='lat' dir='ltr'><strong>mare</strong></span> <span class='ocrx_word' id='word_1_95' title='bbox 1003 1745 1142 1834; x_wconf 88' lang='lat' dir='ltr'><strong>relictis,</strong></span> <span class='ocrx_word' id='word_1_96' title='bbox 1161 1762 1195 1815; x_wconf 90' lang='lat' dir='ltr'><strong>et</strong></span> <span class='ocrx_word' id='word_1_97' title='bbox 1211 1748 1373 1841; x_wconf 88' lang='lat' dir='ltr'><strong>equitibus</strong></span> 
     </span>
     <span class='ocr_line' id='line_1_15' title="bbox 304 1850 1374 1947; baseline -0.003 -23"><span class='ocrx_word' id='word_1_98' title='bbox 304 1856 395 1924; x_wconf 91' lang='lat' dir='ltr'><strong>CCC</strong></span> <span class='ocrx_word' id='word_1_99' title='bbox 404 1852 491 1947; x_wconf 90' lang='lat' dir='ltr'><strong>,qui</strong></span> <span class='ocrx_word' id='word_1_100' title='bbox 516 1851 669 1947; x_wconf 88' lang='lat' dir='ltr'><strong>praesidio</strong></span> <span class='ocrx_word' id='word_1_101' title='bbox 697 1850 850 1919; x_wconf 87' lang='lat' dir='ltr'><strong>navibus</strong></span> <span class='ocrx_word' id='word_1_102' title='bbox 864 1867 990 1940; x_wconf 88' lang='lat' dir='ltr'><strong>essent,</strong></span> <span class='ocrx_word' id='word_1_103' title='bbox 1011 1851 1053 1921; x_wconf 91' lang='lat' dir='ltr'><strong>de</strong></span> <span class='ocrx_word' id='word_1_104' title='bbox 1074 1854 1172 1921; x_wconf 89' lang='lat' dir='ltr'><strong>tertia</strong></span> <span class='ocrx_word' id='word_1_105' title='bbox 1197 1852 1311 1947; x_wconf 88' lang='lat' dir='ltr'><strong>vigilia</strong></span> <span class='ocrx_word' id='word_1_106' title='bbox 1335 1854 1374 1921; x_wconf 92' lang='lat' dir='ltr'><strong>ad</strong></span> 
     </span>
     <span class='ocr_line' id='line_1_16' title="bbox 304 1905 1373 2053; baseline -0.001 -25"><span class='ocrx_word' id='word_1_107' title='bbox 304 1961 417 2028; x_wconf 90' lang='lat' dir='ltr'><strong>hostes</strong></span> <span class='ocrx_word' id='word_1_108' title='bbox 437 1958 625 2045; x_wconf 89' lang='lat' dir='ltr'><strong>contendit,</strong></span> <span class='ocrx_word' id='word_1_109' title='bbox 647 1982 687 2025; x_wconf 94' lang='lat' dir='ltr'><strong>eo</strong></span> <span class='ocrx_word' id='word_1_110' title='bbox 704 1958 814 2025; x_wconf 90' lang='lat' dir='ltr'><strong>minus</strong></span> <span class='ocrx_word' id='word_1_111' title='bbox 835 1959 957 2027; x_wconf 89' lang='lat' dir='ltr'><strong>veritus</strong></span> <span class='ocrx_word' id='word_1_112' title='bbox 975 1905 1134 2027; x_wconf 78' lang='lat' dir='ltr'><strong>iravibus&#39;</strong></span> <span class='ocrx_word' id='word_1_113' title='bbox 1142 1959 1285 2053; x_wconf 82' lang='lat' dir='ltr'><strong>,qubd</strong></span> <span class='ocrx_word' id='word_1_114' title='bbox 1275 1986 1311 2029; x_wconf 91' lang='grc' dir='ltr'><strong>ιιι</strong></span> <span class='ocrx_word' id='word_1_115' title='bbox 1326 1960 1373 2029; x_wconf 90' lang='lat' dir='ltr'><strong>lit·</strong></span> 
     </span>
     <span class='ocr_line' id='line_1_17' title="bbox 304 2037 1373 2161; baseline 0.001 -27"><span class='ocrx_word' id='word_1_116' title='bbox 304 2081 376 2135; x_wconf 89' lang='lat' dir='ltr'><strong>tore</strong></span> <span class='ocrx_word' id='word_1_117' title='bbox 395 2049 505 2133; x_wconf 79' lang='lat' dir='ltr'><strong>molli3</strong></span> <span class='ocrx_word' id='word_1_118' title='bbox 522 2078 620 2157; x_wconf 91' lang='lat' dir='ltr'><strong>atque</strong></span> <span class='ocrx_word' id='word_1_119' title='bbox 636 2077 753 2157; x_wconf 88' lang='lat' dir='ltr'><strong>aperto</strong></span> <span class='ocrx_word' id='word_1_120' title='bbox 772 2037 930 2157; x_wconf 82' lang='lat' dir='ltr'><strong>deligatas</strong></span> <span class='ocrx_word' id='word_1_121' title='bbox 948 2065 991 2133; x_wconf 90' lang='lat' dir='ltr'><strong>ad</strong></span> <span class='ocrx_word' id='word_1_122' title='bbox 1013 2066 1195 2135; x_wconf 87' lang='lat' dir='ltr'><strong>anchoram</strong></span> <span class='ocrx_word' id='word_1_123' title='bbox 1214 2064 1373 2161; x_wconf 89' lang='lat' dir='ltr'><strong>relinque·</strong></span> 
     </span>
    </p>
   </div>
   <div class='ocr_carea' id='block_1_4' title="bbox 268 2246 1374 4148">
    <p class='ocr_par' dir='ltr' id='par_1_6' title="bbox 268 2246 1374 4148">
     <span class='ocr_line' id='line_1_18' title="bbox 315 2246 1373 2319; baseline 0.001 -16"><span class='ocrx_word' id='word_1_124' title='bbox 315 2276 318 2281; x_wconf 87' lang='lat'>·</span> <span class='ocrx_word' id='word_1_125' title='bbox 345 2252 372 2303; x_wconf 88' lang='lat'><strong>6.</strong></span> <span class='ocrx_word' id='word_1_126' title='bbox 390 2249 453 2319; x_wconf 77' lang='lat' dir='ltr'><strong>Qun</strong></span> <span class='ocrx_word' id='word_1_127' title='bbox 468 2267 520 2299; x_wconf 81' lang='lat' dir='ltr'><strong>cam</strong></span> <span class='ocrx_word' id='word_1_128' title='bbox 535 2239 819 2299; x_wconf 75' lang='lat' dir='ltr'><strong>annotinis..lnnotinae</strong></span> <span class='ocrx_word' id='word_1_129' title='bbox 860 2248 930 2317; x_wconf 87' lang='lat' dir='ltr'><strong>legio</strong></span> <span class='ocrx_word' id='word_1_130' title='bbox 946 2246 1187 2301; x_wconf 73' lang='lat' dir='ltr'><strong>constabasdecem</strong></span> <span class='ocrx_word' id='word_1_131' title='bbox 1202 2249 1373 2316; x_wconf 85' lang='lat' dir='ltr'><strong>cohortibus,</strong></span> 
     </span>
     <span class='ocr_line' id='line_1_19' title="bbox 304 2324 1373 2399; baseline 0 -16"><span class='ocrx_word' id='word_1_132' title='bbox 304 2346 384 2383; x_wconf 83' lang='lat' dir='ltr'><strong>naves</strong></span> <span class='ocrx_word' id='word_1_133' title='bbox 401 2347 456 2381; x_wconf 89' lang='lat' dir='ltr'><strong>non</strong></span> <span class='ocrx_word' id='word_1_134' title='bbox 475 2339 537 2381; x_wconf 89' lang='lat' dir='ltr'><strong>sunt</strong></span> <span class='ocrx_word' id='word_1_135' title='bbox 556 2330 767 2379; x_wconf 82' lang='lat' dir='ltr'><strong>onerarloe¹naves</strong></span> <span class='ocrx_word' id='word_1_136' title='bbox 784 2324 821 2377; x_wconf 83' lang='lat' dir='ltr'><strong>ad</strong></span> <span class='ocrx_word' id='word_1_137' title='bbox 863 2340 890 2381; x_wconf 87' lang='lat' dir='ltr'><strong>et</strong></span> <span class='ocrx_word' id='word_1_138' title='bbox 915 2346 970 2380; x_wconf 86' lang='lat' dir='ltr'><strong>ace</strong></span> <span class='ocrx_word' id='word_1_139' title='bbox 993 2328 1140 2399; x_wconf 87' lang='lat' dir='ltr'><strong>equitibus,</strong></span> <span class='ocrx_word' id='word_1_140' title='bbox 1155 2326 1185 2381; x_wconf 91' lang='lat' dir='ltr'><strong>id</strong></span> <span class='ocrx_word' id='word_1_141' title='bbox 1209 2342 1261 2395; x_wconf 80' lang='lat' dir='ltr'><strong>est,</strong></span> <span class='ocrx_word' id='word_1_142' title='bbox 1287 2330 1373 2384; x_wconf 88' lang='lat' dir='ltr'><strong>decem</strong></span> 
     </span>
     <span class='ocr_line' id='line_1_20' title="bbox 304 2404 1372 2480; baseline 0.003 -20"><span class='ocrx_word' id='word_1_143' title='bbox 304 2404 425 2461; x_wconf 77' lang='lat' dir='ltr'><strong>animuum</strong></span> <span class='ocrx_word' id='word_1_144' title='bbox 440 2406 661 2461; x_wconf 74' lang='lat' dir='ltr'><strong>transvehendum</strong></span> <span class='ocrx_word' id='word_1_145' title='bbox 672 2404 818 2458; x_wconf 71' lang='lat' dir='ltr'><strong>destinatas.</strong></span> <span class='ocrx_word' id='word_1_146' title='bbox 862 2408 1011 2461; x_wconf 86' lang='lat' dir='ltr'><strong>tricenariis</strong></span> <span class='ocrx_word' id='word_1_147' title='bbox 1021 2409 1132 2474; x_wconf 88' lang='lat' dir='ltr'><strong>turmis,</strong></span> <span class='ocrx_word' id='word_1_148' title='bbox 1144 2410 1312 2480; x_wconf 82' lang='lat' dir='ltr'><strong>temporibus</strong></span> <span class='ocrx_word' id='word_1_149' title='bbox 1320 2411 1372 2464; x_wconf 84' lang='lat' dir='ltr'><strong>scil.</strong></span> 
     </span>
     <span class='ocr_line' id='line_1_21' title="bbox 304 2485 1373 2561; baseline 0.003 -21"><span class='ocrx_word' id='word_1_150' title='bbox 304 2487 462 2554; x_wconf 70' lang='lat' dir='ltr'><strong>Anaeticus,</strong></span> <span class='ocrx_word' id='word_1_151' title='bbox 481 2488 527 2557; x_wconf 91' lang='lat' dir='ltr'><strong>qui</strong></span> <span class='ocrx_word' id='word_1_152' title='bbox 544 2488 624 2539; x_wconf 88' lang='lat' dir='ltr'><strong>unius</strong></span> <span class='ocrx_word' id='word_1_153' title='bbox 643 2498 764 2550; x_wconf 88' lang='lat' dir='ltr'><strong>tantum,</strong></span> <span class='ocrx_word' id='word_1_154' title='bbox 777 2485 819 2537; x_wconf 86' lang='lat' dir='ltr'><strong>vel</strong></span> <span class='ocrx_word' id='word_1_155' title='bbox 862 2487 1031 2559; x_wconf 76' lang='lat' dir='ltr'><strong>reipublicae3</strong></span> <span class='ocrx_word' id='word_1_156' title='bbox 1044 2507 1107 2540; x_wconf 87' lang='lat' dir='ltr'><strong>narn</strong></span> <span class='ocrx_word' id='word_1_157' title='bbox 1120 2500 1211 2559; x_wconf 84' lang='lat' dir='ltr'><strong>postea</strong></span> <span class='ocrx_word' id='word_1_158' title='bbox 1225 2488 1373 2561; x_wconf 85' lang='lat' dir='ltr'><strong>duplicatus</strong></span> 
     </span>
     <span class='ocr_line' id='line_1_22' title="bbox 303 2563 1372 2642; baseline 0.005 -23"><span class='ocrx_word' id='word_1_159' title='bbox 303 2568 394 2640; x_wconf 89' lang='lat' dir='ltr'><strong>potius</strong></span> <span class='ocrx_word' id='word_1_160' title='bbox 408 2568 552 2639; x_wconf 89' lang='lat' dir='ltr'><strong>superioris</strong></span> <span class='ocrx_word' id='word_1_161' title='bbox 568 2567 631 2619; x_wconf 87' lang='lat' dir='ltr'><strong>anni</strong></span> <span class='ocrx_word' id='word_1_162' title='bbox 645 2578 701 2631; x_wconf 89' lang='lat' dir='ltr'><strong>est,</strong></span> <span class='ocrx_word' id='word_1_163' title='bbox 713 2577 740 2617; x_wconf 86' lang='lat' dir='ltr'><strong>et</strong></span> <span class='ocrx_word' id='word_1_164' title='bbox 747 2576 819 2617; x_wconf 89' lang='lat' dir='ltr'><strong>recte</strong></span> <span class='ocrx_word' id='word_1_165' title='bbox 862 2579 901 2619; x_wconf 89' lang='lat' dir='ltr'><strong>est</strong></span> <span class='ocrx_word' id='word_1_166' title='bbox 914 2581 1091 2633; x_wconf 88' lang='lat' dir='ltr'><strong>numerus,et</strong></span> <span class='ocrx_word' id='word_1_167' title='bbox 1101 2563 1202 2639; x_wconf 82' lang='lat' dir='ltr'><strong>equites</strong></span> <span class='ocrx_word' id='word_1_168' title='bbox 1211 2568 1372 2642; x_wconf 87' lang='lat' dir='ltr'><strong>inunaqua·</strong></span> 
     </span>
     <span class='ocr_line' id='line_1_23' title="bbox 303 2644 1374 2721; baseline 0.004 -22"><span class='ocrx_word' id='word_1_169' title='bbox 303 2666 380 2718; x_wconf 82' lang='lat' dir='ltr'><strong>graec.</strong></span> <span class='ocrx_word' id='word_1_170' title='bbox 396 2648 507 2719; x_wconf 89' lang='lat' dir='ltr'><strong>interpr.</strong></span> <span class='ocrx_word' id='word_1_171' title='bbox 523 2648 564 2699; x_wconf 77' lang='grc' dir='ltr'><strong>σὺν</strong></span> <span class='ocrx_word' id='word_1_172' title='bbox 584 2650 639 2707; x_wconf 77' lang='grc' dir='ltr'><strong>ταῖς</strong></span> <span class='ocrx_word' id='word_1_173' title='bbox 655 2649 698 2699; x_wconf 80' lang='grc' dir='ltr'><strong>τοῦ</strong></span> <span class='ocrx_word' id='word_1_174' title='bbox 715 2644 817 2715; x_wconf 73' lang='grc' dir='ltr'>πρόσθεν</span> <span class='ocrx_word' id='word_1_175' title='bbox 861 2664 914 2717; x_wconf 87' lang='lat' dir='ltr'><strong>que</strong></span> <span class='ocrx_word' id='word_1_176' title='bbox 927 2648 1032 2717; x_wconf 80' lang='lat' dir='ltr'><strong>legione</strong></span> <span class='ocrx_word' id='word_1_177' title='bbox 1051 2647 1085 2700; x_wconf 87' lang='lat' dir='ltr'><strong>ad</strong></span> <span class='ocrx_word' id='word_1_178' title='bbox 1102 2666 1217 2701; x_wconf 71' lang='lat' dir='ltr'><strong>occurs</strong></span> <span class='ocrx_word' id='word_1_179' title='bbox 1232 2649 1374 2721; x_wconf 85' lang='lat' dir='ltr'><strong>aliquando</strong></span> 
     </span>
     <span class='ocr_line' id='line_1_24' title="bbox 304 2724 1373 2800; baseline 0.003 -21"><span class='ocrx_word' id='word_1_180' title='bbox 304 2729 382 2789; x_wconf 72' lang='grc' dir='ltr'><strong><em>ἔτους.</em></strong></span> <span class='ocrx_word' id='word_1_181' title='bbox 399 2726 540 2779; x_wconf 80' lang='lat' dir='ltr'><strong>Annotinae</strong></span> <span class='ocrx_word' id='word_1_182' title='bbox 561 2744 640 2777; x_wconf 86' lang='lat' dir='ltr'><strong>naves</strong></span> <span class='ocrx_word' id='word_1_183' title='bbox 659 2736 734 2777; x_wconf 88' lang='lat' dir='ltr'><strong>erant</strong></span> <span class='ocrx_word' id='word_1_184' title='bbox 748 2724 820 2778; x_wconf 78' lang='lat' dir='ltr'><strong>leves</strong></span> <span class='ocrx_word' id='word_1_185' title='bbox 861 2738 1042 2779; x_wconf 87' lang='lat' dir='ltr'><strong>numerantur.</strong></span> <span class='ocrx_word' id='word_1_186' title='bbox 1056 2730 1091 2781; x_wconf 78' lang='lat' dir='ltr'><strong>At</strong></span> <span class='ocrx_word' id='word_1_187' title='bbox 1099 2747 1210 2800; x_wconf 81' lang='lat' dir='ltr'><strong>quaeque</strong></span> <span class='ocrx_word' id='word_1_188' title='bbox 1219 2730 1318 2789; x_wconf 87' lang='lat' dir='ltr'><strong>cohors</strong></span> <span class='ocrx_word' id='word_1_189' title='bbox 1324 2744 1373 2784; x_wconf 86' lang='lat' dir='ltr'><strong>tres</strong></span> 
     </span>
     <span class='ocr_line' id='line_1_25' title="bbox 304 2802 1373 2897; baseline 0.005 -39"><span class='ocrx_word' id='word_1_190' title='bbox 304 2806 445 2875; x_wconf 69' lang='lat' dir='ltr'><strong>navicula,</strong></span> <span class='ocrx_word' id='word_1_191' title='bbox 453 2805 532 2858; x_wconf 90' lang='lat' dir='ltr'><strong>unius</strong></span> <span class='ocrx_word' id='word_1_192' title='bbox 539 2816 643 2857; x_wconf 87' lang='lat' dir='ltr'><strong>tantum</strong></span> <span class='ocrx_word' id='word_1_193' title='bbox 649 2802 753 2855; x_wconf 88' lang='lat' dir='ltr'><strong>itineris</strong></span> <span class='ocrx_word' id='word_1_194' title='bbox 760 2820 819 2853; x_wconf 84' lang='lat' dir='ltr'><strong>cau</strong></span> <span class='ocrx_word' id='word_1_195' title='bbox 860 2806 1010 2897; x_wconf 83' lang='lat' dir='ltr'><strong>manipulos</strong></span> <span class='ocrx_word' id='word_1_196' title='bbox 1022 2807 1151 2873; x_wconf 83' lang='lat' dir='ltr'><strong>habebat,</strong></span> <span class='ocrx_word' id='word_1_197' title='bbox 1161 2809 1301 2880; x_wconf 80' lang='lat' dir='ltr'><strong>manipulo</strong></span> <span class='ocrx_word' id='word_1_198' title='bbox 1310 2830 1373 2881; x_wconf 92' lang='lat' dir='ltr'><strong>quo</strong></span> 
     </span>
     <span class='ocr_line' id='line_1_26' title="bbox 304 2886 1373 2977; baseline 0.006 -40"><span class='ocrx_word' id='word_1_199' title='bbox 304 2904 332 2938; x_wconf 86' lang='lat' dir='ltr'><strong>sa</strong></span> <span class='ocrx_word' id='word_1_200' title='bbox 352 2886 493 2937; x_wconf 72' lang='lat' dir='ltr'><strong>fabricatu.</strong></span> <span class='ocrx_word' id='word_1_201' title='bbox 695 2910 697 2915; x_wconf 96' lang='lat'>·</span> <span class='ocrx_word' id='word_1_202' title='bbox 734 2943 738 2951; x_wconf 46' lang='grc'><strong><em>,</em></strong></span> <span class='ocrx_word' id='word_1_203' title='bbox 861 2903 913 2956; x_wconf 92' lang='lat' dir='ltr'><strong>que</strong></span> <span class='ocrx_word' id='word_1_204' title='bbox 932 2886 1066 2977; x_wconf 85' lang='lat' dir='ltr'><strong>tripartito</strong></span> <span class='ocrx_word' id='word_1_205' title='bbox 1082 2888 1112 2939; x_wconf 90' lang='lat' dir='ltr'><strong>in</strong></span> <span class='ocrx_word' id='word_1_206' title='bbox 1126 2888 1257 2955; x_wconf 82' lang='lat' dir='ltr'><strong>hastatos,</strong></span> <span class='ocrx_word' id='word_1_207' title='bbox 1275 2891 1373 2962; x_wconf 87' lang='lat' dir='ltr'><strong>princi·</strong></span> 
     </span>
     <span class='ocr_line' id='line_1_27' title="bbox 345 2960 1371 3037; baseline 0.006 -20"><span class='ocrx_word' id='word_1_208' title='bbox 345 2984 372 3034; x_wconf 87' lang='lat'><strong>7.</strong></span> <span class='ocrx_word' id='word_1_209' title='bbox 388 2964 433 3017; x_wconf 85' lang='lat' dir='ltr'><strong>Sui</strong></span> <span class='ocrx_word' id='word_1_210' title='bbox 448 2963 571 3015; x_wconf 83' lang='lat' dir='ltr'><strong>commodi.</strong></span> <span class='ocrx_word' id='word_1_211' title='bbox 581 2960 701 3017; x_wconf 85' lang='lat' dir='ltr'><strong>Subaudi</strong></span> <span class='ocrx_word' id='word_1_212' title='bbox 714 2980 797 3014; x_wconf 85' lang='lat' dir='ltr'><strong>cansa</strong></span> <span class='ocrx_word' id='word_1_213' title='bbox 860 2984 923 3037; x_wconf 85' lang='lat' dir='ltr'><strong>pes,</strong></span> <span class='ocrx_word' id='word_1_214' title='bbox 937 2967 1060 3031; x_wconf 86' lang='lat' dir='ltr'><strong>triarios,</strong></span> <span class='ocrx_word' id='word_1_215' title='bbox 1079 2985 1141 3019; x_wconf 91' lang='lat' dir='ltr'><strong>cum</strong></span> <span class='ocrx_word' id='word_1_216' title='bbox 1160 2969 1214 3020; x_wconf 89' lang='lat' dir='ltr'><strong>suis</strong></span> <span class='ocrx_word' id='word_1_217' title='bbox 1238 2972 1371 3023; x_wconf 83' lang='lat' dir='ltr'><strong>velitibus.</strong></span> 
     </span>
     <span class='ocr_line' id='line_1_28' title="bbox 346 3041 1373 3120; baseline 0.006 -23"><span class='ocrx_word' id='word_1_218' title='bbox 346 3046 372 3097; x_wconf 88' lang='lat'><strong>8.</strong></span> <span class='ocrx_word' id='word_1_219' title='bbox 394 3044 447 3095; x_wconf 83' lang='lat' dir='ltr'><strong>Uno</strong></span> <span class='ocrx_word' id='word_1_220' title='bbox 460 3047 602 3095; x_wconf 81' lang='lat' dir='ltr'><strong>erantvisa</strong></span> <span class='ocrx_word' id='word_1_221' title='bbox 617 3054 729 3113; x_wconf 85' lang='lat' dir='ltr'><strong>tempore,</strong></span> <span class='ocrx_word' id='word_1_222' title='bbox 746 3061 763 3091; x_wconf 91' lang='lat' dir='ltr'><strong>a</strong></span> <span class='ocrx_word' id='word_1_223' title='bbox 775 3041 817 3091; x_wconf 85' lang='lat' dir='ltr'><strong>lit·</strong></span> <span class='ocrx_word' id='word_1_224' title='bbox 861 3044 956 3110; x_wconf 86' lang='lat' dir='ltr'><strong>Unde,</strong></span> <span class='ocrx_word' id='word_1_225' title='bbox 972 3064 1056 3116; x_wconf 89' lang='lat' dir='ltr'><strong>quum</strong></span> <span class='ocrx_word' id='word_1_226' title='bbox 1064 3048 1139 3117; x_wconf 82' lang='lat' dir='ltr'><strong>justa</strong></span> <span class='ocrx_word' id='word_1_227' title='bbox 1153 3049 1288 3120; x_wconf 87' lang='lat' dir='ltr'><strong>plenaque</strong></span> <span class='ocrx_word' id='word_1_228' title='bbox 1309 3062 1373 3103; x_wconf 87' lang='lat' dir='ltr'><strong>esset</strong></span> 
     </span>
     <span class='ocr_line' id='line_1_29' title="bbox 305 3122 1372 3195; baseline 0.009 -22"><span class='ocrx_word' id='word_1_229' title='bbox 305 3134 354 3174; x_wconf 83' lang='lat' dir='ltr'><strong>tora</strong></span> <span class='ocrx_word' id='word_1_230' title='bbox 366 3124 528 3175; x_wconf 81' lang='lat' dir='ltr'><strong>discesserant</strong></span> <span class='ocrx_word' id='word_1_231' title='bbox 536 3123 624 3193; x_wconf 85' lang='lat' dir='ltr'><strong>Vulgo</strong></span> <span class='ocrx_word' id='word_1_232' title='bbox 639 3122 756 3193; x_wconf 85' lang='lat' dir='ltr'><strong>legitur:</strong></span> <span class='ocrx_word' id='word_1_233' title='bbox 769 3140 818 3171; x_wconf 83' lang='lat' dir='ltr'><strong>nna</strong></span> <span class='ocrx_word' id='word_1_234' title='bbox 859 3123 944 3195; x_wconf 82' lang='lat' dir='ltr'><strong>legio,</strong></span> <span class='ocrx_word' id='word_1_235' title='bbox 954 3125 1319 3182; x_wconf 85' lang='lat' dir='ltr'><strong>cohorsnumerabatccccxx</strong></span> <span class='ocrx_word' id='word_1_236' title='bbox 1333 3148 1372 3182; x_wconf 86' lang='grc' dir='ltr'><strong>ιι·</strong></span> 
     </span>
     <span class='ocr_line' id='line_1_30' title="bbox 303 3202 1374 3279; baseline 0.006 -26"><span class='ocrx_word' id='word_1_237' title='bbox 303 3206 467 3264; x_wconf 68' lang='lat' dir='ltr'><strong>nantensis,</strong></span> <span class='ocrx_word' id='word_1_238' title='bbox 484 3206 596 3253; x_wconf 83' lang='lat' dir='ltr'><strong>timoren</strong></span> <span class='ocrx_word' id='word_1_239' title='bbox 612 3202 818 3253; x_wconf 77' lang='lat' dir='ltr'><strong>littaredisaesse·</strong></span> <span class='ocrx_word' id='word_1_240' title='bbox 860 3216 945 3257; x_wconf 87' lang='lat' dir='ltr'><strong>matos</strong></span> <span class='ocrx_word' id='word_1_241' title='bbox 966 3225 1028 3258; x_wconf 90' lang='lat' dir='ltr'><strong>cum</strong></span> <span class='ocrx_word' id='word_1_242' title='bbox 1050 3206 1159 3277; x_wconf 87' lang='lat' dir='ltr'><strong>triginta</strong></span> <span class='ocrx_word' id='word_1_243' title='bbox 1180 3208 1326 3279; x_wconf 86' lang='lat' dir='ltr'><strong>equitibus.</strong></span> <span class='ocrx_word' id='word_1_244' title='bbox 1347 3209 1374 3261; x_wconf 88' lang='lat' dir='ltr'><strong>Si</strong></span> 
     </span>
     <span class='ocr_line' id='line_1_31' title="bbox 304 3280 1372 3356; baseline 0.009 -25"><span class='ocrx_word' id='word_1_245' title='bbox 304 3295 367 3335; x_wconf 79' lang='lat' dir='ltr'><strong>rant.</strong></span> <span class='ocrx_word' id='word_1_246' title='bbox 378 3281 468 3337; x_wconf 73' lang='lat' dir='ltr'><strong>Minus</strong></span> <span class='ocrx_word' id='word_1_247' title='bbox 475 3284 551 3335; x_wconf 87' lang='lat' dir='ltr'><strong>bene.</strong></span> <span class='ocrx_word' id='word_1_248' title='bbox 560 3280 646 3334; x_wconf 91' lang='lat' dir='ltr'><strong>Codd.</strong></span> <span class='ocrx_word' id='word_1_249' title='bbox 655 3280 818 3333; x_wconf 84' lang='lat' dir='ltr'><strong>nostrieum·</strong></span> <span class='ocrx_word' id='word_1_250' title='bbox 860 3284 966 3355; x_wconf 86' lang='lat' dir='ltr'><strong>plenior</strong></span> <span class='ocrx_word' id='word_1_251' title='bbox 980 3297 1047 3337; x_wconf 87' lang='lat' dir='ltr'><strong>esset</strong></span> <span class='ocrx_word' id='word_1_252' title='bbox 1061 3286 1143 3356; x_wconf 87' lang='lat' dir='ltr'><strong>legio,</strong></span> <span class='ocrx_word' id='word_1_253' title='bbox 1151 3288 1206 3339; x_wconf 88' lang='lat' dir='ltr'><strong>scil.</strong></span> <span class='ocrx_word' id='word_1_254' title='bbox 1217 3286 1251 3351; x_wconf 74' lang='lat' dir='ltr'><strong>ad</strong></span> <span class='ocrx_word' id='word_1_255' title='bbox 1260 3308 1279 3342; x_wconf 83' lang='lat' dir='ltr'>v</span> <span class='ocrx_word' id='word_1_256' title='bbox 1292 3290 1335 3344; x_wconf 85' lang='lat' dir='ltr'><strong>vel</strong></span> <span class='ocrx_word' id='word_1_257' title='bbox 1345 3306 1372 3341; x_wconf 85' lang='lat' dir='ltr'><strong>rt</strong></span> 
     </span>
     <span class='ocr_line' id='line_1_32' title="bbox 303 3360 1373 3440; baseline 0.007 -26"><span class='ocrx_word' id='word_1_258' title='bbox 303 3360 365 3414; x_wconf 89' lang='lat' dir='ltr'><strong>dem</strong></span> <span class='ocrx_word' id='word_1_259' title='bbox 376 3363 529 3415; x_wconf 80' lang='lat' dir='ltr'><strong>varietatem</strong></span> <span class='ocrx_word' id='word_1_260' title='bbox 542 3362 667 3416; x_wconf 81' lang='lat' dir='ltr'><strong>offerunt.</strong></span> <span class='ocrx_word' id='word_1_261' title='bbox 678 3363 719 3413; x_wconf 90' lang='lat' dir='ltr'><strong>De</strong></span> <span class='ocrx_word' id='word_1_262' title='bbox 728 3378 758 3412; x_wconf 88' lang='lat' dir='ltr'><strong>re</strong></span> <span class='ocrx_word' id='word_1_263' title='bbox 769 3375 817 3411; x_wconf 78' lang='lat' dir='ltr'><strong>su·</strong></span> <span class='ocrx_word' id='word_1_264' title='bbox 860 3364 916 3417; x_wconf 86' lang='lat' dir='ltr'><strong>mil.</strong></span> <span class='ocrx_word' id='word_1_265' title='bbox 931 3364 1033 3435; x_wconf 85' lang='lat' dir='ltr'><strong>homin.</strong></span> <span class='ocrx_word' id='word_1_266' title='bbox 1043 3365 1187 3434; x_wconf 88' lang='lat' dir='ltr'><strong>perducta,</strong></span> <span class='ocrx_word' id='word_1_267' title='bbox 1196 3367 1294 3421; x_wconf 88' lang='lat' dir='ltr'><strong>cohors</strong></span> <span class='ocrx_word' id='word_1_268' title='bbox 1306 3388 1373 3440; x_wconf 81' lang='lat' dir='ltr'><strong>quae·</strong></span> 
     </span>
     <span class='ocr_line' id='line_1_33' title="bbox 303 3440 1371 3517; baseline 0.005 -22"><span class='ocrx_word' id='word_1_269' title='bbox 303 3454 357 3495; x_wconf 87' lang='lat' dir='ltr'><strong>tem</strong></span> <span class='ocrx_word' id='word_1_270' title='bbox 370 3442 407 3494; x_wconf 88' lang='lat' dir='ltr'><strong>ita</strong></span> <span class='ocrx_word' id='word_1_271' title='bbox 418 3442 552 3507; x_wconf 84' lang='lat' dir='ltr'><strong>Florus,l·.</strong></span> <span class='ocrx_word' id='word_1_272' title='bbox 564 3460 615 3503; x_wconf 91' lang='lat'><strong>111,</strong></span> <span class='ocrx_word' id='word_1_273' title='bbox 631 3461 654 3495; x_wconf 90' lang='lat' dir='ltr'><strong>c.</strong></span> <span class='ocrx_word' id='word_1_274' title='bbox 674 3460 724 3493; x_wconf 91' lang='lat' dir='ltr'><strong>ro:</strong></span> <span class='ocrx_word' id='word_1_275' title='bbox 735 3440 818 3493; x_wconf 80' lang='lat' dir='ltr'><strong>Classe</strong></span> <span class='ocrx_word' id='word_1_276' title='bbox 860 3463 913 3514; x_wconf 90' lang='lat' dir='ltr'><strong>que</strong></span> <span class='ocrx_word' id='word_1_277' title='bbox 925 3458 981 3497; x_wconf 88' lang='lat' dir='ltr'><strong>erat</strong></span> <span class='ocrx_word' id='word_1_278' title='bbox 988 3449 1162 3517; x_wconf 75' lang='lat' dir='ltr'><strong>quingentenis,</strong></span> <span class='ocrx_word' id='word_1_279' title='bbox 1172 3446 1213 3499; x_wconf 86' lang='lat' dir='ltr'><strong>vel</strong></span> <span class='ocrx_word' id='word_1_280' title='bbox 1224 3453 1371 3500; x_wconf 74' lang='lat' dir='ltr'><strong>sexcenaria.</strong></span> 
     </span>
     <span class='ocr_line' id='line_1_34' title="bbox 302 3522 1373 3596; baseline 0.007 -23"><span class='ocrx_word' id='word_1_281' title='bbox 302 3534 453 3592; x_wconf 83' lang='lat' dir='ltr'><strong>comparata,</strong></span> <span class='ocrx_word' id='word_1_282' title='bbox 475 3522 629 3575; x_wconf 82' lang='lat' dir='ltr'><strong>Britanniam</strong></span> <span class='ocrx_word' id='word_1_283' title='bbox 650 3525 737 3573; x_wconf 76' lang='lat' dir='ltr'><strong>tramit</strong></span> <span class='ocrx_word' id='word_1_284' title='bbox 757 3522 817 3569; x_wconf 77' lang='lat' dir='ltr'><strong>mim</strong></span> <span class='ocrx_word' id='word_1_285' title='bbox 860 3522 918 3576; x_wconf 89' lang='lat' dir='ltr'><strong>Hoc</strong></span> <span class='ocrx_word' id='word_1_286' title='bbox 933 3538 1022 3577; x_wconf 80' lang='lat' dir='ltr'><strong>autem</strong></span> <span class='ocrx_word' id='word_1_287' title='bbox 1036 3524 1096 3577; x_wconf 92' lang='lat' dir='ltr'><strong>loco</strong></span> <span class='ocrx_word' id='word_1_288' title='bbox 1117 3527 1248 3596; x_wconf 82' lang='lat' dir='ltr'><strong>legionem</strong></span> <span class='ocrx_word' id='word_1_289' title='bbox 1269 3530 1373 3582; x_wconf 86' lang='lat' dir='ltr'><strong>efficere</strong></span> 
     </span>
     <span class='ocr_line' id='line_1_35' title="bbox 302 3599 1373 3674; baseline 0.008 -23"><span class='ocrx_word' id='word_1_290' title='bbox 302 3603 430 3654; x_wconf 82' lang='lat' dir='ltr'><strong>celeritate.</strong></span> <span class='ocrx_word' id='word_1_291' title='bbox 453 3602 547 3671; x_wconf 82' lang='lat' dir='ltr'><strong>Quippe</strong></span> <span class='ocrx_word' id='word_1_292' title='bbox 567 3621 618 3653; x_wconf 85' lang='lat' dir='ltr'><strong>eum</strong></span> <span class='ocrx_word' id='word_1_293' title='bbox 641 3604 711 3651; x_wconf 78' lang='lat' dir='ltr'><strong>tertia</strong></span> <span class='ocrx_word' id='word_1_294' title='bbox 728 3599 817 3667; x_wconf 70' lang='lat' dir='ltr'><strong>ar&#39;gilia</strong></span> <span class='ocrx_word' id='word_1_295' title='bbox 858 3617 947 3674; x_wconf 85' lang='lat' dir='ltr'><strong>posset</strong></span> <span class='ocrx_word' id='word_1_296' title='bbox 962 3606 1239 3671; x_wconf 77' lang='lat' dir='ltr'><strong>numerus&#39;iste3nam</strong></span> <span class='ocrx_word' id='word_1_297' title='bbox 1251 3606 1320 3660; x_wconf 88' lang='lat' dir='ltr'><strong>dicit</strong></span> <span class='ocrx_word' id='word_1_298' title='bbox 1330 3627 1373 3662; x_wconf 89' lang='lat' dir='ltr'><strong>co-</strong></span> 
     </span>
     <span class='ocr_line' id='line_1_36' title="bbox 268 3682 1374 3758; baseline 0.004 -23"><span class='ocrx_word' id='word_1_299' title='bbox 268 3682 401 3735; x_wconf 60' lang='lat' dir='ltr'><strong>‘Morino</strong></span> <span class='ocrx_word' id='word_1_300' title='bbox 415 3682 520 3736; x_wconf 75' lang='lat' dir='ltr'><strong>solvisset</strong></span> <span class='ocrx_word' id='word_1_301' title='bbox 534 3692 640 3750; x_wconf 82' lang='lat' dir='ltr'><strong>apertu,</strong></span> <span class='ocrx_word' id='word_1_302' title='bbox 655 3684 731 3731; x_wconf 84' lang='lat' dir='ltr'><strong>minus</strong></span> <span class='ocrx_word' id='word_1_303' title='bbox 745 3697 816 3751; x_wconf 85' lang='lat' dir='ltr'><strong>qaam</strong></span> <span class='ocrx_word' id='word_1_304' title='bbox 858 3682 982 3736; x_wconf 88' lang='lat' dir='ltr'><strong>hortibus</strong></span> <span class='ocrx_word' id='word_1_305' title='bbox 993 3704 1022 3748; x_wconf 85' lang='lat' dir='ltr'><strong>x;</strong></span> <span class='ocrx_word' id='word_1_306' title='bbox 1031 3682 1077 3737; x_wconf 88' lang='lat' dir='ltr'><strong>sed</strong></span> <span class='ocrx_word' id='word_1_307' title='bbox 1086 3683 1147 3737; x_wconf 93' lang='lat' dir='ltr'><strong>ideo</strong></span> <span class='ocrx_word' id='word_1_308' title='bbox 1155 3705 1210 3738; x_wconf 90' lang='lat' dir='ltr'><strong>non</strong></span> <span class='ocrx_word' id='word_1_309' title='bbox 1220 3688 1374 3758; x_wconf 84' lang='lat' dir='ltr'><strong>appellatim</strong></span> 
     </span>
     <span class='ocr_line' id='line_1_37' title="bbox 302 3759 1374 3837; baseline 0.006 -24"><span class='ocrx_word' id='word_1_310' title='bbox 302 3762 378 3815; x_wconf 84' lang='lat' dir='ltr'><strong>medio</strong></span> <span class='ocrx_word' id='word_1_311' title='bbox 388 3762 427 3813; x_wconf 84' lang='lat' dir='ltr'><strong>die</strong></span> <span class='ocrx_word' id='word_1_312' title='bbox 441 3760 541 3812; x_wconf 89' lang='lat' dir='ltr'><strong>insulam</strong></span> <span class='ocrx_word' id='word_1_313' title='bbox 551 3763 669 3829; x_wconf 74' lang='lat' dir='ltr'><strong>ingressus</strong></span> <span class='ocrx_word' id='word_1_314' title='bbox 681 3770 723 3811; x_wconf 85' lang='lat' dir='ltr'><strong>est.</strong></span> <span class='ocrx_word' id='word_1_315' title='bbox 736 3759 817 3811; x_wconf 76' lang='lat' dir='ltr'><strong>Plena</strong></span> <span class='ocrx_word' id='word_1_316' title='bbox 858 3764 979 3815; x_wconf 83' lang='lat' dir='ltr'><strong>nominat</strong></span> <span class='ocrx_word' id='word_1_317' title='bbox 990 3766 1135 3835; x_wconf 81' lang='lat' dir='ltr'><strong>legionem,</strong></span> <span class='ocrx_word' id='word_1_318' title='bbox 1147 3766 1209 3837; x_wconf 87' lang='lat' dir='ltr'><strong>quia</strong></span> <span class='ocrx_word' id='word_1_319' title='bbox 1218 3766 1289 3819; x_wconf 86' lang='lat' dir='ltr'><strong>forte</strong></span> <span class='ocrx_word' id='word_1_320' title='bbox 1299 3779 1374 3821; x_wconf 85' lang='lat' dir='ltr'><strong>eraut</strong></span> 
     </span>
     <span class='ocr_line' id='line_1_38' title="bbox 301 3840 1373 3915; baseline 0.008 -24"><span class='ocrx_word' id='word_1_321' title='bbox 301 3858 372 3892; x_wconf 78' lang='lat' dir='ltr'><strong>erant</strong></span> <span class='ocrx_word' id='word_1_322' title='bbox 384 3842 485 3893; x_wconf 85' lang='lat' dir='ltr'><strong>tumultu</strong></span> <span class='ocrx_word' id='word_1_323' title='bbox 496 3840 586 3891; x_wconf 81' lang='lat' dir='ltr'><strong>hostico</strong></span> <span class='ocrx_word' id='word_1_324' title='bbox 597 3841 691 3901; x_wconf 85' lang='lat' dir='ltr'><strong>littora,</strong></span> <span class='ocrx_word' id='word_1_325' title='bbox 703 3852 726 3890; x_wconf 84' lang='lat' dir='ltr'><strong>et</strong></span> <span class='ocrx_word' id='word_1_326' title='bbox 742 3842 815 3908; x_wconf 81' lang='lat' dir='ltr'><strong>trepi-</strong></span> <span class='ocrx_word' id='word_1_327' title='bbox 858 3860 891 3894; x_wconf 84' lang='lat' dir='ltr'><strong>ex</strong></span> <span class='ocrx_word' id='word_1_328' title='bbox 906 3843 1027 3914; x_wconf 89' lang='lat' dir='ltr'><strong>pluribus</strong></span> <span class='ocrx_word' id='word_1_329' title='bbox 1041 3845 1189 3915; x_wconf 85' lang='lat' dir='ltr'><strong>legionibus</strong></span> <span class='ocrx_word' id='word_1_330' title='bbox 1204 3843 1314 3899; x_wconf 81' lang='lat' dir='ltr'><strong>delectae</strong></span> <span class='ocrx_word' id='word_1_331' title='bbox 1330 3866 1373 3900; x_wconf 86' lang='lat' dir='ltr'><strong>oo·</strong></span> 
     </span>
     <span class='ocr_line' id='line_1_39' title="bbox 300 3921 957 3990; baseline 0.006 -18"><span class='ocrx_word' id='word_1_332' title='bbox 300 3922 384 3972; x_wconf 82' lang='lat' dir='ltr'><strong>dantia</strong></span> <span class='ocrx_word' id='word_1_333' title='bbox 408 3922 443 3973; x_wconf 86' lang='lat' dir='ltr'><strong>ad</strong></span> <span class='ocrx_word' id='word_1_334' title='bbox 457 3930 603 3990; x_wconf 85' lang='lat' dir='ltr'><strong>conspectum</strong></span> <span class='ocrx_word' id='word_1_335' title='bbox 623 3924 658 3970; x_wconf 83' lang='lat' dir='ltr'><strong>rei</strong></span> <span class='ocrx_word' id='word_1_336' title='bbox 671 3940 743 3989; x_wconf 38' lang='lat' dir='ltr'><strong>,naaoe</strong></span> <span class='ocrx_word' id='word_1_337' title='bbox 760 3938 814 3971; x_wconf 83' lang='lat' dir='ltr'><strong>aar·</strong></span> <span class='ocrx_word' id='word_1_338' title='bbox 858 3921 957 3975; x_wconf 89' lang='lat' dir='ltr'><strong>hortes.</strong></span> 
     </span>
     <span class='ocr_line' id='line_1_40' title="bbox 296 3999 1373 4072; baseline 0.006 -19"><span class='ocrx_word' id='word_1_339' title='bbox 296 4014 371 4071; x_wconf 83' lang='lat' dir='ltr'><strong>penta</strong></span> <span class='ocrx_word' id='word_1_340' title='bbox 381 3999 524 4054; x_wconf 76' lang='lat' dir='ltr'><strong>volitabant.</strong></span> <span class='ocrx_word' id='word_1_341' title='bbox 537 4000 621 4072; x_wconf 84' lang='lat' dir='ltr'><strong>Itaque</strong></span> <span class='ocrx_word' id='word_1_342' title='bbox 629 4000 756 4070; x_wconf 83' lang='lat' dir='ltr'><strong>trepidatio</strong></span> <span class='ocrx_word' id='word_1_343' title='bbox 764 4016 815 4070; x_wconf 81' lang='lat' dir='ltr'><strong>pra</strong></span> <span class='ocrx_word' id='word_1_344' title='bbox 902 4022 928 4055; x_wconf 78' lang='lat' dir='ltr'><strong>s.</strong></span> <span class='ocrx_word' id='word_1_345' title='bbox 946 4003 975 4053; x_wconf 92' lang='lat' dir='ltr'><em>V</em></span> <span class='ocrx_word' id='word_1_346' title='bbox 971 4008 1043 4055; x_wconf 77' lang='lat' dir='ltr'><strong>critias</strong></span> <span class='ocrx_word' id='word_1_347' title='bbox 1049 4005 1154 4059; x_wconf 77' lang='lat' dir='ltr'><strong>navibus.</strong></span> <span class='ocrx_word' id='word_1_348' title='bbox 1163 4004 1206 4057; x_wconf 84' lang='lat' dir='ltr'><strong>Sic</strong></span> <span class='ocrx_word' id='word_1_349' title='bbox 1218 4005 1274 4057; x_wconf 85' lang='lat' dir='ltr'><strong>Cic.</strong></span> <span class='ocrx_word' id='word_1_350' title='bbox 1290 4004 1373 4059; x_wconf 80' lang='lat' dir='ltr'><strong>Acad.</strong></span> 
     </span>
     <span class='ocr_line' id='line_1_41' title="bbox 302 4081 1279 4148; baseline 0.005 -17"><span class='ocrx_word' id='word_1_351' title='bbox 302 4082 403 4133; x_wconf 81' lang='lat' dir='ltr'><strong>uictoria</strong></span> <span class='ocrx_word' id='word_1_352' title='bbox 419 4081 480 4147; x_wconf 82' lang='lat' dir='ltr'><strong>suit.</strong></span> <span class='ocrx_word' id='word_1_353' title='bbox 859 4082 895 4145; x_wconf 76' lang='grc' dir='ltr'><strong>Ο.-</strong></span> <span class='ocrx_word' id='word_1_354' title='bbox 909 4100 953 4148; x_wconf 76' lang='lat' dir='ltr'><strong>rr,</strong></span> <span class='ocrx_word' id='word_1_355' title='bbox 970 4084 1005 4148; x_wconf 70' lang='lat'><strong>45</strong></span> <span class='ocrx_word' id='word_1_356' title='bbox 1019 4102 1026 4136; x_wconf 73' lang='grc' dir='ltr'><strong><em>ε</em></strong></span> <span class='ocrx_word' id='word_1_357' title='bbox 1039 4104 1084 4135; x_wconf 82' lang='lat' dir='ltr'><strong>aas</strong></span> <span class='ocrx_word' id='word_1_358' title='bbox 1095 4086 1279 4136; x_wconf 79' lang='lat' dir='ltr'><strong>mihiveremini.</strong></span> 
     </span>
    </p>
   </div>
   <div class='ocr_carea' id='block_1_5' title="bbox 340 4158 1374 4236">
    <p class='ocr_par' dir='ltr' id='par_1_7' title="bbox 340 4158 1374 4236">
     <span class='ocr_line' id='line_1_42' title="bbox 340 4158 1374 4236; baseline 0.007 -24"><span class='ocrx_word' id='word_1_359' title='bbox 340 4160 404 4213; x_wconf 76' lang='lat' dir='ltr'><strong>Cir.</strong></span> <span class='ocrx_word' id='word_1_360' title='bbox 421 4159 470 4213; x_wconf 90' lang='lat' dir='ltr'><strong>IX.</strong></span> <span class='ocrx_word' id='word_1_361' title='bbox 493 4178 518 4212; x_wconf 85' lang='grc' dir='ltr'><strong>ι,</strong></span> <span class='ocrx_word' id='word_1_362' title='bbox 541 4158 684 4213; x_wconf 76' lang='lat' dir='ltr'><strong>Cohortibus</strong></span> <span class='ocrx_word' id='word_1_363' title='bbox 708 4177 734 4212; x_wconf 85' lang='lat' dir='ltr'><strong>x.</strong></span> <span class='ocrx_word' id='word_1_364' title='bbox 753 4160 815 4211; x_wconf 84' lang='lat' dir='ltr'><strong>Una</strong></span> <span class='ocrx_word' id='word_1_365' title='bbox 900 4162 925 4215; x_wconf 77' lang='lat'><strong>3.</strong></span> <span class='ocrx_word' id='word_1_366' title='bbox 941 4164 1022 4217; x_wconf 80' lang='lat' dir='ltr'><strong>Motlt</strong></span> <span class='ocrx_word' id='word_1_367' title='bbox 1035 4164 1122 4219; x_wconf 87' lang='lat' dir='ltr'><strong>Nullis</strong></span> <span class='ocrx_word' id='word_1_368' title='bbox 1137 4165 1251 4236; x_wconf 88' lang='lat' dir='ltr'><strong>scopulis</strong></span> <span class='ocrx_word' id='word_1_369' title='bbox 1264 4165 1374 4235; x_wconf 87' lang='lat' dir='ltr'><strong>pericu·</strong></span> 
     </span>
    </p>
   </div>
   <div class='ocr_carea' id='block_1_6' title="bbox 0 0 1504 5034">
    <p class='ocr_par' dir='ltr' id='par_1_8' title="bbox 0 0 1504 5034">
     <span class='ocr_line' id='line_1_43' title="bbox 0 0 1504 5034; baseline 0 1"><span class='ocrx_word' id='word_1_370' title='bbox 0 0 1504 5034; x_wconf 95' lang='lat' dir='ltr'><strong> </strong></span> 
     </span>
    </p>
   </div>
  </div>
 </body>
</html>
