3000 5034
217 506 286 574 DE
311 504 488 573 BELLO
514 503 764 573 GALLICO.
793 504 888 573 ΜΒ.
917 504 1006 575 VII.
1076 504 1151 579 333

86 638 195 707 castris
221 635 373 733 praesidio
394 633 560 729 relinquit
583 638 716 705 Fratres
734 636 988 731 Litaviciquum
1002 662 1153 737 compre·

86 744 181 814 bendi
194 746 368 838 jussisset,
390 741 490 837 paulo
514 756 591 811 ante
612 744 736 837 reperit
756 742 799 811 ad
817 742 929 813 hostes
957 746 1152 841 profugisse.

86 850 287 920 Adhortatus
302 847 437 935 milites,
453 878 471 911 α
485 873 528 917 ne
540 850 725 918 necessario
738 863 890 943 tempore
903 852 1027 921 itineris
1043 853 1156 921 labore

87 969 340 1050 permoveantur
353 980 363 1039 3
377 985 396 1021 u
416 954 635 1048 cupidissimis
650 956 826 1043 omnibus,
843 981 1038 1051 progressus
1054 957 1156 1027 millia

87 1086 240 1157 passuum
258 1063 359 1131 XXV
370 1046 394 1148 ⁵,
411 1085 530 1155 agmen
553 1061 738 1131 AEduorum
761 1064 991 1156 conspicatus,
1010 1066 1157 1134 immisso

89 1171 252 1262 equitatu,
266 1171 329 1237 iter
343 1191 460 1237 eorum
473 1182 624 1237 moratur
640 1183 740 1262 atque
754 1168 911 1297 impedit,
927 1171 1158 1265 interdicitque

89 1276 260 1362 omnibus,
282 1298 325 1343 ne
348 1298 551 1367 quemquam
581 1274 783 1344 interficiant
809 1326 816 1341 .
841 1276 1103 1372 Eporedorigem
1125 1292 1160 1346 et

13 1455 14 1460 γ
89 1381 335 1450 Viridomarum
350 1433 362 1467 ,
380 1405 465 1474 quos
495 1381 542 1449 illi
572 1381 765 1451 interfectos
794 1382 1048 1470 existimabant,
1073 1386 1159 1452 inter

90 1490 209 1581 equites
232 1488 378 1575 versari,
400 1512 543 1581 suosque
564 1486 730 1582 appellare
749 1486 853 1579 jubet
877 1489 1104 1582 liscognitis,
1127 1504 1162 1559 et

90 1595 225 1663 litavici
241 1593 359 1662 fraude
376 1609 570 1689 perspecta,
588 1593 686 1663 AEdui
705 1618 823 1663 manus
843 1594 999 1681 tendere,
1018 1609 1052 1663 et
1068 1594 1160 1663 dedi·

89 1702 208 1771 tionem
225 1699 445 1794 significare,
471 1716 506 1770 et
526 1701 682 1796 projectis
702 1701 803 1768 armis
825 1714 967 1770 mortem
989 1700 1161 1795 deprecari

90 1807 264 1903 incipiunt.
291 1808 459 1879 Litavicus
487 1832 565 1877 cum
592 1809 659 1877 suis
691 1804 892 1892 clientibus⁷,
920 1806 1040 1901 quibus
1070 1806 1163 1875 nefas

91 1938 179 1983 more
191 1912 369 1985 Gallorum
382 1929 433 1983 cst
443 1967 453 2002 ,
463 1915 564 1983 etiam
578 1916 613 1983 in
628 1928 776 1983 extrema
787 1911 923 1981 fortuna
938 1913 1089 1982 deserere
1105 1937 1163 2008 pa·

93 2033 204 2091 tronos
215 2074 226 2108 ,
238 2020 440 2114 Gergoviam
456 2007 631 2115 profugit⁸.

139 2130 233 2197 XLI.
262 2127 540 2213 Caesam-nuntiis
562 2126 605 2195 ad
626 2128 794 2197 civitatem
825 2128 1009 2197 AEduorum
1039 2130 1166 2216 missis,

91 2235 144 2328 qui
170 2259 234 2303 suo
257 2232 419 2332 beneficio
440 2247 654 2303 conservatos
680 2232 859 2321 docerent,
882 2259 965 2329 quos
990 2235 1065 2329 jure
1090 2235 1167 2304 belli

92 2340 278 2410 interficere
302 2341 481 2433 potuisset,
501 2340 672 2433 tribusque
699 2338 790 2408 horis
813 2342 920 2409 noctis
947 2343 1105 2410 exercitui
1126 2340 1169 2409 ad

93 2450 238 2541 quietem
268 2445 370 2533 datis,
391 2461 498 2537 castra
521 2445 563 2514 ad
585 2447 789 2541 Gergoviam
816 2448 929 2515 movit
960 2447 1074 2516 Medio
1101 2447 1170 2516 fere

94 2553 209 2623 itinere
218 2554 364 2647 equites,
374 2577 395 2621 a
407 2554 510 2621 Fabio
520 2554 625 2639 missi,
633 2566 760 2645 quanto
773 2576 825 2620 res
834 2554 868 2621 in
879 2552 1028 2645 periculo
1041 2552 1141 2621 fuerit
1148 2552 1170 2641 ¹,

95 2673 290 2755 exponunt,
311 2660 447 2729 summis
466 2660 570 2755 copiis
588 2674 695 2728 castra
713 2666 906 2753 oppugnata
923 2658 1171 2748 demonstrant,

95 2792 199 2863 quum
206 2765 328 2835 crebro
336 2766 457 2861 integri
477 2765 611 2837 defessis
633 2765 867 2855 succederent,
884 2780 1081 2861 nostrosque
1095 2766 1173 2835 assi·

95 2873 161 2943 duo
186 2872 303 2942 labore
329 2871 573 2968 defatigarent,
595 2873 715 2967 quibus
743 2887 882 2967 propter
911 2873 1174 2969 magnitudinem

96 3086 179 3139 supra
197 3067 287 3120 cesar
304 3066 334 3118 in
356 3066 477 3119 Morinos
495 3084 558 3120 cuin
577 3068 616 3120 le·
660 3066 798 3120 terminus
806 3066 973 3121 formidolosi
986 3080 1062 3121 erant
1072 3069 1177 3141 inquie-

96 3149 177 3219 pone
189 3146 307 3199 miserat.
660 3147 1090 3219 tietturbulentiisti‚quaminter
1098 3150 1177 3214 cives;

100 3266 105 3275 .
137 3225 424 3296 5.Mttt.pns.n')r'V.
436 3225 618 3278 Cireiterocto
664 3214 693 3279 α’
701 3226 739 3277 eis
748 3226 1101 3297 pepercitpropterAEduos,
1111 3247 1178 3299 quos

96 3306 197 3361 burm.
662 3306 692 3357 in
703 3304 816 3373 gratiam
827 3306 949 3376 recipere
959 3307 1083 3376 cupiebat
1090 3324 1098 3371 ;
1106 3304 1180 3377 quod

137 3391 169 3441 6.
185 3384 228 3438 Ne
244 3402 383 3456 quemquam
404 3382 561 3454 interficiant.
579 3384 620 3435 Ita
663 3384 740 3435 aliter
746 3383 890 3448 evenisset,
900 3385 922 3435 si
930 3382 997 3436 duos
1006 3402 1100 3438 eorum
1111 3386 1181 3438 cives

99 3464 183 3521 codd.
196 3463 402 3529 omnes,010n‚
422 3463 480 3516 MS.
499 3476 620 3534 excepto,
663 3463 834 3516 honorabiles
854 3462 1036 3517 interfecisset.
1051 3465 1182 3517 Praeterea

100 3548 148 3618 qui
162 3544 265 3607 habet,
280 3562 311 3595 ne
327 3545 382 3614 quis
401 3562 469 3614 quern
483 3541 633 3613 interficiat.v
665 3544 803 3615 sperabat,
817 3542 875 3594 fore
891 3554 935 3607 ut,
955 3562 1018 3595 casu
1040 3543 1130 3615 aliquo
1153 3547 1182 3597 in

100 3625 167 3681 Non
190 3623 260 3675 male
278 3640 401 3694 quoque3
414 3640 477 3675 narn
490 3622 622 3689 vidimus,
665 3622 742 3676 bellis
765 3622 992 3693 frequentissimo,
1016 3622 1125 3677 illisine
1143 3626 1183 3677 sui

99 3706 149 3761 lib.
164 3724 202 3769 r,
218 3704 327 3766 samu
338 3705 392 3773 quis
403 3720 472 3773 quem
486 3704 598 3757 mtrem,
666 3700 769 3755 invidia
784 3700 917 3755 caderent.

142 3804 176 3856 7.
192 3781 624 3855 Cumsuir.clientidus.Nempesol·
709 3782 775 3836 cn.
792 3782 863 3835 XLI.
883 3800 907 3835 1.
926 3783 1026 3853 Quanto
1035 3803 1072 3835 res
1087 3787 1112 3835 in
1120 3787 1187 3855 pirri·

100 3866 200 3925 dariis,
215 3861 249 3915 de
263 3862 362 3933 quibus
373 3859 437 3914 vide
450 3863 469 3916 l.
482 3880 568 3927 rrr,c.
579 3882 625 3914 nn.
668 3862 724 3914 culo
732 3864 820 3929 suerit.
833 3862 923 3916 Clark.
932 3874 999 3926 esset,
1008 3864 1070 3935 quia
1085 3862 1113 3915 id
1120 3882 1187 3917 nun-

144 3948 178 4001 8.
190 3942 339 4011 Gergouiam
346 3942 468 4014 profugit.
477 3942 534 3995 Hoc
542 3962 557 3995 a
565 3942 627 4013 fuga
670 3943 739 3995 uani
750 3943 854 4015 equites
865 3954 955 4016 quanto
969 3947 993 3994 in
1005 3945 1113 4014 periculo
1123 3957 1188 3997 tune

102 4044 171 4081 eum
189 4021 312 4095 equitatu
338 4021 483 4093 probibere
504 4023 629 4076 valuisset
671 4023 800 4092 temporis
815 4036 876 4075 esset
885 4044 929 4077 res.
947 4024 1090 4095 Perperam
1104 4042 1111 4077 :
1126 4043 1188 4077 narn

104 4106 216 4167 Caesam
234 4100 282 4155 sed
306 4100 411 4154 duabus
427 4099 462 4153 de
483 4102 584 4166 cauam,
597 4114 630 4154 ut
671 4100 739 4155 dicit
747 4104 836 4155 Caesar
846 4116 935 4176 quanto
945 4108 970 4155 in
977 4104 1129 4175 periculones
1134 4107 1190 4173 fite·

104 4181 202 4242 innuit
214 4182 350 4252 Turpinde
359 4181 570 4251 Crtsse',t.rr,p.
583 4200 631 4251 72,
674 4186 724 4248 rit,
734 4200 821 4253 quum
836 4184 938 4254 equites
951 4184 1024 4241 missi
1038 4197 1107 4239 sunt.
1125 4184 1191 4240 Nos·

104 4283 155 4321 eor
168 4261 309 4322 dimittere
323 4262 438 4319 induit:
453 4250 480 4313 1⁰
492 4260 632 4323 intertrus-
675 4263 712 4316 tri
726 4260 806 4316 codd.
817 4265 905 4332 fuera.
