<?xml version="1.0" encoding="UTF-8"?>
<!DOCTYPE html PUBLIC "-//W3C//DTD XHTML 1.0 Transitional//EN"
    "http://www.w3.org/TR/xhtml1/DTD/xhtml1-transitional.dtd">
<html xmlns="http://www.w3.org/1999/xhtml" xml:lang="en" lang="en">
 <head>
  <title>
</title>
<meta http-equiv="Content-Type" content="text/html;charset=utf-8" />
  <meta name='ocr-system' content='tesseract 3.04.00' />
  <meta name='ocr-capabilities' content='ocr_page ocr_carea ocr_par ocr_line ocrx_word'/>
</head>
<body>
  <div class='ocr_page' id='page_1' title='image "./caiusjuliuscsar00caesgoog_0178.png"; bbox 0 0 3000 5034; ppageno 0'>
   <div class='ocr_carea' id='block_1_1' title="bbox 236 446 1161 553">
    <p class='ocr_par' dir='ltr' id='par_1_1' title="bbox 236 446 1161 553">
     <span class='ocr_line' id='line_1_1' title="bbox 236 446 1161 553; baseline 0.004 -36"><span class='ocrx_word' id='word_1_1' title='bbox 236 446 305 517; x_wconf 85' lang='lat' dir='ltr'>DE</span> <span class='ocrx_word' id='word_1_2' title='bbox 331 447 506 516; x_wconf 87' lang='lat' dir='ltr'>BELLO</span> <span class='ocrx_word' id='word_1_3' title='bbox 533 446 782 517; x_wconf 80' lang='lat' dir='ltr'>GALLICO.</span> <span class='ocrx_word' id='word_1_4' title='bbox 811 450 906 517; x_wconf 92' lang='lat' dir='ltr'>LIB.</span> <span class='ocrx_word' id='word_1_5' title='bbox 935 451 1000 521; x_wconf 82' lang='lat' dir='ltr'>lv.</span> <span class='ocrx_word' id='word_1_6' title='bbox 1089 451 1161 553; x_wconf 58' lang='lat' dir='ltr'>td}</span> 
     </span>
    </p>
   </div>
   <div class='ocr_carea' id='block_1_2' title="bbox 24 576 1269 2804">
    <p class='ocr_par' dir='ltr' id='par_1_2' title="bbox 24 576 1167 1528">
     <span class='ocr_line' id='line_1_2' title="bbox 103 576 1164 677; baseline 0.008 -31"><span class='ocrx_word' id='word_1_7' title='bbox 103 576 304 669; x_wconf 83' lang='lat' dir='ltr'>fortissimus,</span> <span class='ocrx_word' id='word_1_8' title='bbox 321 580 420 667; x_wconf 92' lang='lat' dir='ltr'>Piso,</span> <span class='ocrx_word' id='word_1_9' title='bbox 441 580 650 675; x_wconf 82' lang='lat' dir='ltr'>Aquitanus,</span> <span class='ocrx_word' id='word_1_10' title='bbox 672 578 875 676; x_wconf 88' lang='lat' dir='ltr'>amplissimo</span> <span class='ocrx_word' id='word_1_11' title='bbox 902 606 1023 677; x_wconf 82' lang='lat' dir='ltr'>genere</span> <span class='ocrx_word' id='word_1_12' title='bbox 1046 597 1164 675; x_wconf 86' lang='lat' dir='ltr'>uatus,</span> 
     </span>
     <span class='ocr_line' id='line_1_3' title="bbox 104 684 1165 783; baseline 0.008 -30"><span class='ocrx_word' id='word_1_13' title='bbox 104 684 181 777; x_wconf 88' lang='lat' dir='ltr'>cujus</span> <span class='ocrx_word' id='word_1_14' title='bbox 200 710 282 757; x_wconf 85' lang='lat' dir='ltr'>avus</span> <span class='ocrx_word' id='word_1_15' title='bbox 303 687 338 755; x_wconf 91' lang='lat' dir='ltr'>in</span> <span class='ocrx_word' id='word_1_16' title='bbox 359 687 492 759; x_wconf 83' lang='lat' dir='ltr'>civitate</span> <span class='ocrx_word' id='word_1_17' title='bbox 514 710 574 755; x_wconf 89' lang='lat' dir='ltr'>sua</span> <span class='ocrx_word' id='word_1_18' title='bbox 590 711 731 783; x_wconf 85' lang='lat' dir='ltr'>regnum</span> <span class='ocrx_word' id='word_1_19' title='bbox 752 688 959 777; x_wconf 86' lang='lat' dir='ltr'>obtinuerat,</span> <span class='ocrx_word' id='word_1_20' title='bbox 973 690 1098 761; x_wconf 87' lang='lat' dir='ltr'>amicus</span> <span class='ocrx_word' id='word_1_21' title='bbox 1121 693 1165 762; x_wconf 92' lang='lat' dir='ltr'>ab</span> 
     </span>
     <span class='ocr_line' id='line_1_4' title="bbox 104 791 1165 889; baseline 0.007 -28"><span class='ocrx_word' id='word_1_22' title='bbox 104 792 209 861; x_wconf 83' lang='lat' dir='ltr'>Senatu</span> <span class='ocrx_word' id='word_1_23' title='bbox 228 808 345 867; x_wconf 87' lang='lat' dir='ltr'>nostro</span> <span class='ocrx_word' id='word_1_24' title='bbox 364 791 556 889; x_wconf 86' lang='lat' dir='ltr'>appellatus.</span> <span class='ocrx_word' id='word_1_25' title='bbox 579 794 659 881; x_wconf 91' lang='lat' dir='ltr'>Hic,</span> <span class='ocrx_word' id='word_1_26' title='bbox 679 819 784 887; x_wconf 91' lang='lat' dir='ltr'>quum</span> <span class='ocrx_word' id='word_1_27' title='bbox 805 794 901 865; x_wconf 88' lang='lat' dir='ltr'>fratri</span> <span class='ocrx_word' id='word_1_28' title='bbox 919 796 1098 867; x_wconf 90' lang='lat' dir='ltr'>intercluso</span> <span class='ocrx_word' id='word_1_29' title='bbox 1121 799 1165 868; x_wconf 88' lang='lat' dir='ltr'>ab</span> 
     </span>
     <span class='ocr_line' id='line_1_5' title="bbox 24 896 1165 1000; baseline 0.009 -35"><span class='ocrx_word' id='word_1_30' title='bbox 24 932 26 987; x_wconf 69' lang='lat' dir='ltr'>f</span> <span class='ocrx_word' id='word_1_31' title='bbox 104 896 234 973; x_wconf 81' lang='lat' dir='ltr'><strong>hostibus</strong></span> <span class='ocrx_word' id='word_1_32' title='bbox 255 899 414 973; x_wconf 77' lang='lat' dir='ltr'>auxilium</span> <span class='ocrx_word' id='word_1_33' title='bbox 439 898 557 988; x_wconf 82' lang='lat' dir='ltr'>ferret,</span> <span class='ocrx_word' id='word_1_34' title='bbox 572 898 666 969; x_wconf 92' lang='lat' dir='ltr'>illum</span> <span class='ocrx_word' id='word_1_35' title='bbox 690 926 730 969; x_wconf 87' lang='lat' dir='ltr'>ex</span> <span class='ocrx_word' id='word_1_36' title='bbox 756 899 906 996; x_wconf 89' lang='lat' dir='ltr'>periculo</span> <span class='ocrx_word' id='word_1_37' title='bbox 926 904 1072 998; x_wconf 88' lang='lat' dir='ltr'>eripuit:</span> <span class='ocrx_word' id='word_1_38' title='bbox 1094 906 1165 1000; x_wconf 87' lang='lat' dir='ltr'>ipse</span> 
     </span>
     <span class='ocr_line' id='line_1_6' title="bbox 24 1005 1161 1102; baseline 0.003 -25"><span class='ocrx_word' id='word_1_39' title='bbox 24 1040 25 1043; x_wconf 40' lang='lat'>¹</span> <span class='ocrx_word' id='word_1_40' title='bbox 103 1027 173 1098; x_wconf 75' lang='lat' dir='ltr'>tqtso</span> <span class='ocrx_word' id='word_1_41' title='bbox 186 1005 362 1079; x_wconf 85' lang='lat' dir='ltr'>vulnerato</span> <span class='ocrx_word' id='word_1_42' title='bbox 380 1006 544 1101; x_wconf 86' lang='lat' dir='ltr'>dejectus,</span> <span class='ocrx_word' id='word_1_43' title='bbox 559 1006 669 1101; x_wconf 87' lang='lat' dir='ltr'>quoad</span> <span class='ocrx_word' id='word_1_44' title='bbox 689 1010 816 1102; x_wconf 91' lang='lat' dir='ltr'>potuit,</span> <span class='ocrx_word' id='word_1_45' title='bbox 834 1008 1012 1079; x_wconf 80' lang='lat' dir='ltr'>fortissime</span> <span class='ocrx_word' id='word_1_46' title='bbox 1031 1013 1161 1081; x_wconf 83' lang='lat' dir='ltr'>restitit.</span> 
     </span>
     <span class='ocr_line' id='line_1_7' title="bbox 105 1110 1166 1211; baseline 0.007 -30"><span class='ocrx_word' id='word_1_47' title='bbox 105 1110 200 1199; x_wconf 85' lang='lat' dir='ltr'>Quum</span> <span class='ocrx_word' id='word_1_48' title='bbox 214 1114 480 1203; x_wconf 72' lang='lat' dir='ltr'>cucumveutus,</span> <span class='ocrx_word' id='word_1_49' title='bbox 489 1112 603 1189; x_wconf 74' lang='lat' dir='ltr'>mutis</span> <span class='ocrx_word' id='word_1_50' title='bbox 613 1112 807 1185; x_wconf 85' lang='lat' dir='ltr'>vulneribus</span> <span class='ocrx_word' id='word_1_51' title='bbox 818 1116 1166 1211; x_wconf 86' lang='lat' dir='ltr'>acceptis,cecidisset,</span> 
     </span>
     <span class='ocr_line' id='line_1_8' title="bbox 104 1219 1166 1316; baseline 0.007 -30"><span class='ocrx_word' id='word_1_52' title='bbox 104 1221 231 1312; x_wconf 85' lang='lat' dir='ltr'>atqueid</span> <span class='ocrx_word' id='word_1_53' title='bbox 253 1220 368 1309; x_wconf 86' lang='lat' dir='ltr'>frater,</span> <span class='ocrx_word' id='word_1_54' title='bbox 383 1222 441 1316; x_wconf 86' lang='lat' dir='ltr'>qui</span> <span class='ocrx_word' id='word_1_55' title='bbox 452 1222 522 1315; x_wconf 83' lang='lat' dir='ltr'>jam</span> <span class='ocrx_word' id='word_1_56' title='bbox 537 1219 652 1315; x_wconf 85' lang='lat' dir='ltr'>praelio</span> <span class='ocrx_word' id='word_1_57' title='bbox 667 1235 869 1308; x_wconf 85' lang='lat' dir='ltr'>excesserat,</span> <span class='ocrx_word' id='word_1_58' title='bbox 882 1222 1000 1316; x_wconf 89' lang='lat' dir='ltr'>procul</span> <span class='ocrx_word' id='word_1_59' title='bbox 1016 1226 1166 1293; x_wconf 90' lang='lat' dir='ltr'>animum</span> 
     </span>
     <span class='ocr_line' id='line_1_9' title="bbox 24 1312 1167 1424; baseline 0.009 -35"><span class='ocrx_word' id='word_1_60' title='bbox 24 1356 25 1361; x_wconf 14' lang='grc' dir='ltr'><strong>κ</strong></span> <span class='ocrx_word' id='word_1_61' title='bbox 104 1322 280 1397; x_wconf 83' lang='lat' dir='ltr'>advertisset</span> <span class='ocrx_word' id='word_1_62' title='bbox 292 1312 316 1414; x_wconf 82' lang='lat'>⁸,</span> <span class='ocrx_word' id='word_1_63' title='bbox 331 1329 469 1401; x_wconf 87' lang='lat' dir='ltr'>incitato</span> <span class='ocrx_word' id='word_1_64' title='bbox 484 1352 570 1423; x_wconf 88' lang='lat' dir='ltr'>equo</span> <span class='ocrx_word' id='word_1_65' title='bbox 584 1350 618 1397; x_wconf 85' lang='lat' dir='ltr'>ae</span> <span class='ocrx_word' id='word_1_66' title='bbox 633 1328 785 1399; x_wconf 88' lang='lat' dir='ltr'>hostibus</span> <span class='ocrx_word' id='word_1_67' title='bbox 801 1328 939 1424; x_wconf 88' lang='lat' dir='ltr'>obtulit,</span> <span class='ocrx_word' id='word_1_68' title='bbox 954 1343 1055 1424; x_wconf 81' lang='lat' dir='ltr'>atque</span> <span class='ocrx_word' id='word_1_69' title='bbox 1069 1332 1167 1401; x_wconf 91' lang='lat' dir='ltr'>inter·</span> 
     </span>
     <span class='ocr_line' id='line_1_10' title="bbox 104 1427 268 1528; baseline 0.03 -32"><span class='ocrx_word' id='word_1_70' title='bbox 104 1427 190 1528; x_wconf 85' lang='lat' dir='ltr'>lectus</span> <span class='ocrx_word' id='word_1_71' title='bbox 208 1447 268 1504; x_wconf 86' lang='lat' dir='ltr'>est</span> 
     </span>
    </p>

    <p class='ocr_par' dir='ltr' id='par_1_3' title="bbox 24 1537 1269 2804">
     <span class='ocr_line' id='line_1_11' title="bbox 143 1537 1167 1637; baseline 0.004 -28"><span class='ocrx_word' id='word_1_72' title='bbox 143 1541 234 1613; x_wconf 86' lang='lat' dir='ltr'>XIII.</span> <span class='ocrx_word' id='word_1_73' title='bbox 257 1542 333 1613; x_wconf 83' lang='lat' dir='ltr'>Hoc</span> <span class='ocrx_word' id='word_1_74' title='bbox 353 1539 443 1611; x_wconf 81' lang='lat' dir='ltr'>facto</span> <span class='ocrx_word' id='word_1_75' title='bbox 462 1537 592 1634; x_wconf 81' lang='lat' dir='ltr'>praelio,</span> <span class='ocrx_word' id='word_1_76' title='bbox 609 1542 721 1618; x_wconf 77' lang='lat' dir='ltr'>Cacsar</span> <span class='ocrx_word' id='word_1_77' title='bbox 741 1565 850 1634; x_wconf 88' lang='lat' dir='ltr'>neque</span> <span class='ocrx_word' id='word_1_78' title='bbox 868 1542 938 1635; x_wconf 86' lang='lat' dir='ltr'>jam</span> <span class='ocrx_word' id='word_1_79' title='bbox 962 1542 1024 1611; x_wconf 84' lang='lat' dir='ltr'>sibi</span> <span class='ocrx_word' id='word_1_80' title='bbox 1041 1540 1167 1637; x_wconf 86' lang='lat' dir='ltr'>legatos</span> 
     </span>
     <span class='ocr_line' id='line_1_12' title="bbox 104 1642 1167 1743; baseline 0.007 -32"><span class='ocrx_word' id='word_1_81' title='bbox 104 1642 285 1735; x_wconf 88' lang='lat' dir='ltr'>audiendos,</span> <span class='ocrx_word' id='word_1_82' title='bbox 298 1669 406 1741; x_wconf 84' lang='lat' dir='ltr'>neque</span> <span class='ocrx_word' id='word_1_83' title='bbox 423 1646 629 1719; x_wconf 84' lang='lat' dir='ltr'>conditiones</span> <span class='ocrx_word' id='word_1_84' title='bbox 651 1646 860 1743; x_wconf 87' lang='lat' dir='ltr'>accipiendas</span> <span class='ocrx_word' id='word_1_85' title='bbox 879 1648 1104 1717; x_wconf 84' lang='lat' dir='ltr'>arbitrabatur</span> <span class='ocrx_word' id='word_1_86' title='bbox 1123 1651 1167 1718; x_wconf 90' lang='lat' dir='ltr'>ab</span> 
     </span>
     <span class='ocr_line' id='line_1_13' title="bbox 104 1747 1167 1848; baseline 0.005 -29"><span class='ocrx_word' id='word_1_87' title='bbox 104 1747 157 1839; x_wconf 89' lang='lat' dir='ltr'>his,</span> <span class='ocrx_word' id='word_1_88' title='bbox 170 1754 224 1846; x_wconf 91' lang='lat' dir='ltr'>qui</span> <span class='ocrx_word' id='word_1_89' title='bbox 245 1778 308 1848; x_wconf 91' lang='lat' dir='ltr'>per</span> <span class='ocrx_word' id='word_1_90' title='bbox 324 1752 439 1824; x_wconf 87' lang='lat' dir='ltr'>dolum</span> <span class='ocrx_word' id='word_1_91' title='bbox 462 1752 730 1847; x_wconf 83' lang='lat' dir='ltr'>atqueinsidias,</span> <span class='ocrx_word' id='word_1_92' title='bbox 746 1754 851 1848; x_wconf 77' lang='lat' dir='ltr'>petita</span> <span class='ocrx_word' id='word_1_93' title='bbox 870 1778 970 1848; x_wconf 87' lang='lat' dir='ltr'>pace,</span> <span class='ocrx_word' id='word_1_94' title='bbox 984 1754 1074 1823; x_wconf 91' lang='lat' dir='ltr'>ultro</span> <span class='ocrx_word' id='word_1_95' title='bbox 1098 1755 1167 1824; x_wconf 93' lang='lat' dir='ltr'>bel·</span> 
     </span>
     <span class='ocr_line' id='line_1_14' title="bbox 103 1852 1235 1956; baseline 0.008 -34"><span class='ocrx_word' id='word_1_96' title='bbox 103 1852 160 1925; x_wconf 85' lang='lat' dir='ltr'>lun</span> <span class='ocrx_word' id='word_1_97' title='bbox 174 1857 384 1927; x_wconf 88' lang='lat' dir='ltr'>intulissent:</span> <span class='ocrx_word' id='word_1_98' title='bbox 402 1874 594 1953; x_wconf 84' lang='lat' dir='ltr'>exspectare</span> <span class='ocrx_word' id='word_1_99' title='bbox 614 1884 713 1947; x_wconf 88' lang='lat' dir='ltr'>vero,</span> <span class='ocrx_word' id='word_1_100' title='bbox 725 1860 808 1927; x_wconf 91' lang='lat' dir='ltr'>dum</span> <span class='ocrx_word' id='word_1_101' title='bbox 827 1860 974 1929; x_wconf 89' lang='lat' dir='ltr'>hostium</span> <span class='ocrx_word' id='word_1_102' title='bbox 995 1862 1100 1956; x_wconf 75' lang='lat' dir='ltr'>copiae</span> <span class='ocrx_word' id='word_1_103' title='bbox 1114 1886 1169 1931; x_wconf 84' lang='lat' dir='ltr'>au·</span> <span class='ocrx_word' id='word_1_104' title='bbox 1233 1856 1235 1862; x_wconf 64' lang='grc'><strong>’</strong></span> 
     </span>
     <span class='ocr_line' id='line_1_15' title="bbox 104 1964 1168 2059; baseline 0.009 -30"><span class='ocrx_word' id='word_1_105' title='bbox 104 1970 245 2054; x_wconf 81' lang='lat' dir='ltr'>gerentur</span> <span class='ocrx_word' id='word_1_106' title='bbox 260 1964 490 2059; x_wconf 74' lang='lat' dir='ltr'>etpiitatusque</span> <span class='ocrx_word' id='word_1_107' title='bbox 507 1980 742 2054; x_wconf 84' lang='lat' dir='ltr'>reverteretur,</span> <span class='ocrx_word' id='word_1_108' title='bbox 755 1990 893 2035; x_wconf 85' lang='lat' dir='ltr'>summae</span> <span class='ocrx_word' id='word_1_109' title='bbox 908 1966 1082 2036; x_wconf 88' lang='lat' dir='ltr'>dementiae</span> <span class='ocrx_word' id='word_1_110' title='bbox 1097 1992 1168 2039; x_wconf 90' lang='lat' dir='ltr'>esse</span> 
     </span>
     <span class='ocr_line' id='line_1_16' title="bbox 101 2066 1167 2168; baseline 0.008 -33"><span class='ocrx_word' id='word_1_111' title='bbox 101 2066 274 2159; x_wconf 86' lang='lat' dir='ltr'>judicabat:</span> <span class='ocrx_word' id='word_1_112' title='bbox 291 2084 342 2158; x_wconf 92' lang='lat' dir='ltr'>et,</span> <span class='ocrx_word' id='word_1_113' title='bbox 357 2094 398 2139; x_wconf 88' lang='lat' dir='ltr'>co</span> <span class='ocrx_word' id='word_1_114' title='bbox 422 2070 491 2141; x_wconf 83' lang='lat' dir='ltr'>nita</span> <span class='ocrx_word' id='word_1_115' title='bbox 502 2069 677 2142; x_wconf 84' lang='lat' dir='ltr'>Gallorum</span> <span class='ocrx_word' id='word_1_116' title='bbox 692 2070 1085 2167; x_wconf 85' lang='lat' dir='ltr'>infirmitate¹,quantum</span> <span class='ocrx_word' id='word_1_117' title='bbox 1097 2074 1167 2168; x_wconf 89' lang='lat' dir='ltr'>jam</span> 
     </span>
     <span class='ocr_line' id='line_1_17' title="bbox 102 2175 1168 2270; baseline 0.008 -29"><span class='ocrx_word' id='word_1_118' title='bbox 102 2175 177 2269; x_wconf 90' lang='lat' dir='ltr'>apud</span> <span class='ocrx_word' id='word_1_119' title='bbox 187 2175 263 2247; x_wconf 83' lang='lat' dir='ltr'>eos²</span> <span class='ocrx_word' id='word_1_120' title='bbox 277 2176 391 2245; x_wconf 86' lang='lat' dir='ltr'>hostes</span> <span class='ocrx_word' id='word_1_121' title='bbox 420 2200 489 2245; x_wconf 92' lang='lat' dir='ltr'>uno</span> <span class='ocrx_word' id='word_1_122' title='bbox 509 2175 623 2270; x_wconf 76' lang='lat' dir='ltr'>praelio</span> <span class='ocrx_word' id='word_1_123' title='bbox 636 2180 843 2249; x_wconf 85' lang='lat' dir='ltr'>auctoritatis</span> <span class='ocrx_word' id='word_1_124' title='bbox 858 2194 968 2248; x_wconf 89' lang='lat' dir='ltr'>essent</span> <span class='ocrx_word' id='word_1_125' title='bbox 982 2182 1168 2269; x_wconf 85' lang='lat' dir='ltr'>consecuti,</span> 
     </span>
     <span class='ocr_line' id='line_1_18' title="bbox 103 2281 1167 2381; baseline 0.007 -32"><span class='ocrx_word' id='word_1_126' title='bbox 103 2284 270 2351; x_wconf 88' lang='lat' dir='ltr'>sentiebat:</span> <span class='ocrx_word' id='word_1_127' title='bbox 286 2281 405 2376; x_wconf 91' lang='lat' dir='ltr'>quibus</span> <span class='ocrx_word' id='word_1_128' title='bbox 425 2281 468 2351; x_wconf 87' lang='lat' dir='ltr'>ad</span> <span class='ocrx_word' id='word_1_129' title='bbox 485 2282 620 2353; x_wconf 90' lang='lat' dir='ltr'>consilia</span> <span class='ocrx_word' id='word_1_130' title='bbox 641 2282 802 2378; x_wconf 84' lang='lat' dir='ltr'>capienda</span> <span class='ocrx_word' id='word_1_131' title='bbox 815 2286 896 2354; x_wconf 91' lang='lat' dir='ltr'>nihil</span> <span class='ocrx_word' id='word_1_132' title='bbox 912 2287 1009 2381; x_wconf 91' lang='lat' dir='ltr'>spatii</span> <span class='ocrx_word' id='word_1_133' title='bbox 1019 2287 1167 2356; x_wconf 89' lang='lat' dir='ltr'>dandum</span> 
     </span>
     <span class='ocr_line' id='line_1_19' title="bbox 24 2376 1169 2487; baseline 0.008 -33"><span class='ocrx_word' id='word_1_134' title='bbox 24 2376 25 2415; x_wconf 63' lang='lat'><em>³</em></span> <span class='ocrx_word' id='word_1_135' title='bbox 103 2388 305 2459; x_wconf 76' lang='lat' dir='ltr'>existdnabat.</span> <span class='ocrx_word' id='word_1_136' title='bbox 316 2389 378 2459; x_wconf 90' lang='lat' dir='ltr'>His</span> <span class='ocrx_word' id='word_1_137' title='bbox 393 2390 579 2459; x_wconf 89' lang='lat' dir='ltr'>constitutis</span> <span class='ocrx_word' id='word_1_138' title='bbox 592 2388 709 2477; x_wconf 91' lang='lat' dir='ltr'>rebus,</span> <span class='ocrx_word' id='word_1_139' title='bbox 731 2404 766 2459; x_wconf 91' lang='lat' dir='ltr'>et</span> <span class='ocrx_word' id='word_1_140' title='bbox 784 2390 921 2461; x_wconf 92' lang='lat' dir='ltr'>consilio</span> <span class='ocrx_word' id='word_1_141' title='bbox 942 2418 1020 2461; x_wconf 89' lang='lat' dir='ltr'>cum</span> <span class='ocrx_word' id='word_1_142' title='bbox 1035 2394 1169 2487; x_wconf 77' lang='lat' dir='ltr'>legatis</span> 
     </span>
     <span class='ocr_line' id='line_1_20' title="bbox 103 2496 1168 2593; baseline 0.006 -32"><span class='ocrx_word' id='word_1_143' title='bbox 103 2507 130 2561; x_wconf 89' lang='lat' dir='ltr'>et</span> <span class='ocrx_word' id='word_1_144' title='bbox 142 2496 315 2585; x_wconf 77' lang='lat' dir='ltr'>Quaestore</span> <span class='ocrx_word' id='word_1_145' title='bbox 331 2496 595 2583; x_wconf 82' lang='lat' dir='ltr'>communicato,</span> <span class='ocrx_word' id='word_1_146' title='bbox 610 2521 653 2565; x_wconf 90' lang='lat' dir='ltr'>ne</span> <span class='ocrx_word' id='word_1_147' title='bbox 673 2521 773 2590; x_wconf 91' lang='lat' dir='ltr'>quem</span> <span class='ocrx_word' id='word_1_148' title='bbox 793 2496 880 2564; x_wconf 90' lang='lat' dir='ltr'>diem</span> <span class='ocrx_word' id='word_1_149' title='bbox 896 2522 1018 2593; x_wconf 81' lang='lat' dir='ltr'>pugnae</span> <span class='ocrx_word' id='word_1_150' title='bbox 1032 2513 1168 2593; x_wconf 77' lang='lat' dir='ltr'>prseter-</span> 
     </span>
     <span class='ocr_line' id='line_1_21' title="bbox 103 2589 1269 2699; baseline 0.007 -32"><span class='ocrx_word' id='word_1_151' title='bbox 103 2589 266 2693; x_wconf 79' lang='lat' dir='ltr'>mitteret⁴,</span> <span class='ocrx_word' id='word_1_152' title='bbox 282 2604 563 2697; x_wconf 87' lang='lat' dir='ltr'>opportunissima</span> <span class='ocrx_word' id='word_1_153' title='bbox 585 2628 637 2672; x_wconf 91' lang='lat' dir='ltr'>res</span> <span class='ocrx_word' id='word_1_154' title='bbox 654 2601 791 2690; x_wconf 87' lang='lat' dir='ltr'>accidit,</span> <span class='ocrx_word' id='word_1_155' title='bbox 805 2602 895 2697; x_wconf 92' lang='lat' dir='ltr'>quod</span> <span class='ocrx_word' id='word_1_156' title='bbox 919 2604 1077 2699; x_wconf 84' lang='lat' dir='ltr'>postridie</span> <span class='ocrx_word' id='word_1_157' title='bbox 1098 2606 1169 2698; x_wconf 84' lang='lat' dir='ltr'>ejus</span> <span class='ocrx_word' id='word_1_158' title='bbox 1266 2670 1269 2675; x_wconf 91' lang='lat'>.</span> 
     </span>
     <span class='ocr_line' id='line_1_22' title="bbox 103 2696 1169 2804; baseline 0.004 -29"><span class='ocrx_word' id='word_1_159' title='bbox 103 2705 155 2775; x_wconf 91' lang='lat' dir='ltr'>diei</span> <span class='ocrx_word' id='word_1_160' title='bbox 170 2734 280 2798; x_wconf 88' lang='lat' dir='ltr'>mane,</span> <span class='ocrx_word' id='word_1_161' title='bbox 295 2708 411 2780; x_wconf 89' lang='lat' dir='ltr'>eadem</span> <span class='ocrx_word' id='word_1_162' title='bbox 429 2724 463 2778; x_wconf 90' lang='lat' dir='ltr'>et</span> <span class='ocrx_word' id='word_1_163' title='bbox 482 2708 621 2804; x_wconf 86' lang='lat' dir='ltr'>perfidia</span> <span class='ocrx_word' id='word_1_164' title='bbox 638 2724 671 2780; x_wconf 91' lang='lat' dir='ltr'>et</span> <span class='ocrx_word' id='word_1_165' title='bbox 685 2709 893 2779; x_wconf 88' lang='lat' dir='ltr'>simulatione</span> <span class='ocrx_word' id='word_1_166' title='bbox 909 2712 960 2779; x_wconf 89' lang='lat' dir='ltr'>usi</span> <span class='ocrx_word' id='word_1_167' title='bbox 977 2713 1138 2780; x_wconf 89' lang='lat' dir='ltr'>Germani</span> <span class='ocrx_word' id='word_1_168' title='bbox 1145 2696 1169 2801; x_wconf 86' lang='lat'>⁵,</span> 
     </span>
    </p>
   </div>
   <div class='ocr_carea' id='block_1_3' title="bbox 99 2898 1190 3453">
    <p class='ocr_par' dir='ltr' id='par_1_4' title="bbox 99 2898 1190 3453">
     <span class='ocr_line' id='line_1_23' title="bbox 104 2898 1190 2973; baseline 0.005 -22"><span class='ocrx_word' id='word_1_169' title='bbox 104 2911 119 2951; x_wconf 88' lang='lat' dir='ltr'>t.</span> <span class='ocrx_word' id='word_1_170' title='bbox 129 2900 155 2965; x_wconf 83' lang='lat'>1,</span> <span class='ocrx_word' id='word_1_171' title='bbox 165 2921 192 2973; x_wconf 89' lang='lat' dir='ltr'>p.</span> <span class='ocrx_word' id='word_1_172' title='bbox 207 2900 263 2957; x_wconf 74' lang='lat'>252</span> <span class='ocrx_word' id='word_1_173' title='bbox 277 2898 365 2954; x_wconf 87' lang='lat' dir='ltr'>:Cette</span> <span class='ocrx_word' id='word_1_174' title='bbox 376 2900 473 2953; x_wconf 69' lang='lat' dir='ltr'>derecte</span> <span class='ocrx_word' id='word_1_175' title='bbox 487 2901 518 2955; x_wconf 79' lang='lat' dir='ltr'>ele</span> <span class='ocrx_word' id='word_1_176' title='bbox 530 2901 557 2953; x_wconf 87' lang='lat' dir='ltr'>la</span> <span class='ocrx_word' id='word_1_177' title='bbox 566 2922 607 2953; x_wconf 84' lang='lat' dir='ltr'>ca·</span> <span class='ocrx_word' id='word_1_178' title='bbox 643 2900 785 2973; x_wconf 70' lang='lat' dir='ltr'>fierentrur</span> <span class='ocrx_word' id='word_1_179' title='bbox 797 2902 850 2954; x_wconf 84' lang='lat' dir='ltr'>leur</span> <span class='ocrx_word' id='word_1_180' title='bbox 857 2902 965 2964; x_wconf 78' lang='lat' dir='ltr'>nombre,</span> <span class='ocrx_word' id='word_1_181' title='bbox 976 2914 1026 2955; x_wconf 87' lang='lat' dir='ltr'>etc.</span> <span class='ocrx_word' id='word_1_182' title='bbox 1039 2903 1190 2957; x_wconf 53' lang='lat' dir='ltr'>Praeterea*</span> 
     </span>
     <span class='ocr_line' id='line_1_24' title="bbox 106 2980 1169 3055; baseline 0.006 -24"><span class='ocrx_word' id='word_1_183' title='bbox 106 2980 178 3031; x_wconf 68' lang='lat' dir='ltr'>saleru</span> <span class='ocrx_word' id='word_1_184' title='bbox 191 2982 222 3033; x_wconf 86' lang='lat' dir='ltr'>de</span> <span class='ocrx_word' id='word_1_185' title='bbox 239 2980 329 3043; x_wconf 70' lang='lat' dir='ltr'>Cesar,</span> <span class='ocrx_word' id='word_1_186' title='bbox 344 2981 426 3035; x_wconf 74' lang='lat' dir='ltr'>barne</span> <span class='ocrx_word' id='word_1_187' title='bbox 438 3001 488 3051; x_wconf 79' lang='lat' dir='ltr'>par</span> <span class='ocrx_word' id='word_1_188' title='bbox 501 3000 546 3035; x_wconf 84' lang='lat' dir='ltr'>une</span> <span class='ocrx_word' id='word_1_189' title='bbox 553 2986 608 3052; x_wconf 75' lang='lat' dir='ltr'>por*-</span> <span class='ocrx_word' id='word_1_190' title='bbox 650 2982 736 3035; x_wconf 87' lang='lat' dir='ltr'>multo</span> <span class='ocrx_word' id='word_1_191' title='bbox 744 2982 902 3054; x_wconf 74' lang='lat' dir='ltr'>superioria</span> <span class='ocrx_word' id='word_1_192' title='bbox 908 2982 983 3035; x_wconf 88' lang='lat' dir='ltr'>omni</span> <span class='ocrx_word' id='word_1_193' title='bbox 989 2996 1109 3055; x_wconf 85' lang='lat' dir='ltr'>tempore</span> <span class='ocrx_word' id='word_1_194' title='bbox 1117 2984 1169 3037; x_wconf 88' lang='lat' dir='ltr'>fuit</span> 
     </span>
     <span class='ocr_line' id='line_1_25' title="bbox 102 3060 1170 3133; baseline 0.004 -20"><span class='ocrx_word' id='word_1_195' title='bbox 102 3064 152 3126; x_wconf 76' lang='lat' dir='ltr'>gode</span> <span class='ocrx_word' id='word_1_196' title='bbox 168 3062 197 3113; x_wconf 83' lang='lat' dir='ltr'>de</span> <span class='ocrx_word' id='word_1_197' title='bbox 214 3060 363 3123; x_wconf 75' lang='lat' dir='ltr'>Genucius,</span> <span class='ocrx_word' id='word_1_198' title='bbox 390 3073 428 3112; x_wconf 85' lang='lat' dir='ltr'>est</span> <span class='ocrx_word' id='word_1_199' title='bbox 447 3080 480 3113; x_wconf 82' lang='lat' dir='ltr'>urs</span> <span class='ocrx_word' id='word_1_200' title='bbox 495 3062 607 3132; x_wconf 77' lang='lat' dir='ltr'>ecemple</span> <span class='ocrx_word' id='word_1_201' title='bbox 651 3062 786 3133; x_wconf 80' lang='lat' dir='ltr'>equitatus</span> <span class='ocrx_word' id='word_1_202' title='bbox 809 3062 1025 3129; x_wconf 70' lang='lat' dir='ltr'>Germanorum</span> <span class='ocrx_word' id='word_1_203' title='bbox 1044 3062 1110 3116; x_wconf 86' lang='lat' dir='ltr'>adeo</span> <span class='ocrx_word' id='word_1_204' title='bbox 1138 3078 1170 3117; x_wconf 90' lang='lat' dir='ltr'>ut</span> 
     </span>
     <span class='ocr_line' id='line_1_26' title="bbox 100 3139 1170 3213; baseline 0.006 -23"><span class='ocrx_word' id='word_1_205' title='bbox 100 3139 246 3211; x_wconf 75' lang='lat' dir='ltr'>srappuntde</span> <span class='ocrx_word' id='word_1_206' title='bbox 261 3142 288 3196; x_wconf 77' lang='lat' dir='ltr'>Ia</span> <span class='ocrx_word' id='word_1_207' title='bbox 300 3144 413 3193; x_wconf 73' lang='lat' dir='ltr'>rrdeessr&#39;te&#39;</span> <span class='ocrx_word' id='word_1_208' title='bbox 422 3140 519 3193; x_wconf 78' lang='lat' dir='ltr'>absolue</span> <span class='ocrx_word' id='word_1_209' title='bbox 533 3142 564 3193; x_wconf 86' lang='lat' dir='ltr'>de</span> <span class='ocrx_word' id='word_1_210' title='bbox 578 3161 607 3193; x_wconf 85' lang='lat' dir='ltr'>ne</span> <span class='ocrx_word' id='word_1_211' title='bbox 652 3142 739 3195; x_wconf 70' lang='lat' dir='ltr'>Cesar</span> <span class='ocrx_word' id='word_1_212' title='bbox 747 3142 814 3213; x_wconf 84' lang='lat' dir='ltr'>ipse,</span> <span class='ocrx_word' id='word_1_213' title='bbox 821 3143 872 3194; x_wconf 89' lang='lat' dir='ltr'>sub</span> <span class='ocrx_word' id='word_1_214' title='bbox 878 3142 959 3194; x_wconf 86' lang='lat' dir='ltr'>finem</span> <span class='ocrx_word' id='word_1_215' title='bbox 970 3143 1050 3213; x_wconf 81' lang='lat' dir='ltr'>hujus</span> <span class='ocrx_word' id='word_1_216' title='bbox 1061 3144 1135 3210; x_wconf 88' lang='lat' dir='ltr'>belli,</span> <span class='ocrx_word' id='word_1_217' title='bbox 1142 3159 1170 3197; x_wconf 91' lang='lat' dir='ltr'>et</span> 
     </span>
     <span class='ocr_line' id='line_1_27' title="bbox 99 3220 1171 3293; baseline 0.002 -19"><span class='ocrx_word' id='word_1_218' title='bbox 99 3220 178 3286; x_wconf 69' lang='lat' dir='ltr'>jamra</span> <span class='ocrx_word' id='word_1_219' title='bbox 197 3242 222 3273; x_wconf 84' lang='lat' dir='ltr'>se</span> <span class='ocrx_word' id='word_1_220' title='bbox 237 3221 347 3273; x_wconf 78' lang='lat' dir='ltr'>reldelre&#39;r</span> <span class='ocrx_word' id='word_1_221' title='bbox 363 3241 406 3275; x_wconf 83' lang='lat' dir='ltr'>sur</span> <span class='ocrx_word' id='word_1_222' title='bbox 423 3222 449 3273; x_wconf 85' lang='lat' dir='ltr'>la</span> <span class='ocrx_word' id='word_1_223' title='bbox 467 3222 606 3292; x_wconf 63' lang='lat' dir='ltr'>ducrplirre,</span> <span class='ocrx_word' id='word_1_224' title='bbox 651 3222 766 3275; x_wconf 87' lang='lat' dir='ltr'>Romani</span> <span class='ocrx_word' id='word_1_225' title='bbox 793 3220 965 3291; x_wconf 78' lang='lat' dir='ltr'>postmodum</span> <span class='ocrx_word' id='word_1_226' title='bbox 993 3223 1171 3293; x_wconf 81' lang='lat' dir='ltr'>Imperatores</span> 
     </span>
     <span class='ocr_line' id='line_1_28' title="bbox 103 3300 1170 3373; baseline 0.007 -25"><span class='ocrx_word' id='word_1_227' title='bbox 103 3316 140 3349; x_wconf 84' lang='lat' dir='ltr'>sur</span> <span class='ocrx_word' id='word_1_228' title='bbox 150 3300 236 3356; x_wconf 69' lang='lat' dir='ltr'>t&#39;odre</span> <span class='ocrx_word' id='word_1_229' title='bbox 254 3312 281 3353; x_wconf 88' lang='lat' dir='ltr'>et</span> <span class='ocrx_word' id='word_1_230' title='bbox 292 3320 335 3353; x_wconf 85' lang='lat' dir='ltr'>sur</span> <span class='ocrx_word' id='word_1_231' title='bbox 350 3302 384 3353; x_wconf 86' lang='lat' dir='ltr'>les</span> <span class='ocrx_word' id='word_1_232' title='bbox 393 3304 548 3371; x_wconf 64' lang='lat' dir='ltr'>presentiens</span> <span class='ocrx_word' id='word_1_233' title='bbox 563 3322 608 3373; x_wconf 88' lang='lat' dir='ltr'>que</span> <span class='ocrx_word' id='word_1_234' title='bbox 651 3300 799 3353; x_wconf 70' lang='lat' dir='ltr'>(termam</span> <span class='ocrx_word' id='word_1_235' title='bbox 808 3302 911 3371; x_wconf 77' lang='lat' dir='ltr'>equites</span> <span class='ocrx_word' id='word_1_236' title='bbox 918 3314 1069 3354; x_wconf 87' lang='lat' dir='ltr'>constanter</span> <span class='ocrx_word' id='word_1_237' title='bbox 1079 3304 1170 3356; x_wconf 77' lang='lat' dir='ltr'>insuia</span> 
     </span>
     <span class='ocr_line' id='line_1_29' title="bbox 105 3378 993 3453; baseline 0.003 -24"><span class='ocrx_word' id='word_1_238' title='bbox 105 3389 161 3431; x_wconf 84' lang='lat' dir='ltr'>toute</span> <span class='ocrx_word' id='word_1_239' title='bbox 178 3393 259 3453; x_wconf 68' lang='lat' dir='ltr'>corpe</span> <span class='ocrx_word' id='word_1_240' title='bbox 280 3380 332 3433; x_wconf 77' lang='lat' dir='ltr'>doit</span> <span class='ocrx_word' id='word_1_241' title='bbox 346 3382 450 3452; x_wconf 78' lang='lat' dir='ltr'>prendre</span> <span class='ocrx_word' id='word_1_242' title='bbox 471 3381 609 3452; x_wconf 79' lang='lat' dir='ltr'>lorsqu&#39;elle</span> <span class='ocrx_word' id='word_1_243' title='bbox 651 3380 812 3435; x_wconf 84' lang='lat' dir='ltr'>exercitibus</span> <span class='ocrx_word' id='word_1_244' title='bbox 828 3378 993 3433; x_wconf 86' lang='lat' dir='ltr'>admiserint.</span> 
     </span>
    </p>
   </div>
   <div class='ocr_carea' id='block_1_4' title="bbox 24 3458 1170 3532">
    <p class='ocr_par' dir='ltr' id='par_1_5' title="bbox 24 3458 1170 3532">
     <span class='ocr_line' id='line_1_30' title="bbox 24 3458 1170 3532; baseline 0.006 -26"><span class='ocrx_word' id='word_1_245' title='bbox 24 3516 25 3521; x_wconf 13' lang='lat'>¹</span> <span class='ocrx_word' id='word_1_246' title='bbox 104 3461 609 3531; x_wconf 60' lang='lat' dir='ltr'>sternenteFuroeenrenprdepaie</span> <span class='ocrx_word' id='word_1_247' title='bbox 694 3464 721 3515; x_wconf 89' lang='lat'>8.</span> <span class='ocrx_word' id='word_1_248' title='bbox 731 3458 848 3512; x_wconf 73' lang='lat' dir='ltr'>Aesim</span> <span class='ocrx_word' id='word_1_249' title='bbox 858 3460 1007 3513; x_wconf 63' lang='lat' dir='ltr'>adratum.</span> <span class='ocrx_word' id='word_1_250' title='bbox 1019 3461 1170 3532; x_wconf 73' lang='lat' dir='ltr'>Vulgoani·</span> 
     </span>
    </p>
   </div>
   <div class='ocr_carea' id='block_1_5' title="bbox 104 3538 1172 4012">
    <p class='ocr_par' dir='ltr' id='par_1_6' title="bbox 104 3538 823 3613">
     <span class='ocr_line' id='line_1_31' title="bbox 104 3538 823 3613; baseline -0.006 -18"><span class='ocrx_word' id='word_1_251' title='bbox 104 3538 325 3595; x_wconf 59' lang='lat' dir='ltr'>adulteremur</span> <span class='ocrx_word' id='word_1_252' title='bbox 339 3542 370 3594; x_wconf 82' lang='lat' dir='ltr'>de</span> <span class='ocrx_word' id='word_1_253' title='bbox 378 3562 422 3595; x_wconf 81' lang='lat' dir='ltr'>son</span> <span class='ocrx_word' id='word_1_254' title='bbox 423 3561 497 3613; x_wconf 81' lang='lat' dir='ltr'>pays,</span> <span class='ocrx_word' id='word_1_255' title='bbox 507 3540 611 3593; x_wconf 80' lang='lat' dir='ltr'>elledoit</span> <span class='ocrx_word' id='word_1_256' title='bbox 652 3540 823 3593; x_wconf 81' lang='lat' dir='ltr'>madvertr&#39;sset.</span> 
     </span>
    </p>

    <p class='ocr_par' dir='ltr' id='par_1_7' title="bbox 105 3617 1170 3773">
     <span class='ocr_line' id='line_1_32' title="bbox 105 3617 1170 3691; baseline 0 -19"><span class='ocrx_word' id='word_1_257' title='bbox 105 3621 199 3687; x_wconf 65' lang='lat' dir='ltr'>rodowe</span> <span class='ocrx_word' id='word_1_258' title='bbox 221 3622 331 3674; x_wconf 81' lang='lat' dir='ltr'>observer</span> <span class='ocrx_word' id='word_1_259' title='bbox 345 3622 452 3686; x_wconf 77' lang='lat' dir='ltr'>l&#39;ordre,</span> <span class='ocrx_word' id='word_1_260' title='bbox 462 3632 488 3673; x_wconf 83' lang='lat' dir='ltr'>et</span> <span class='ocrx_word' id='word_1_261' title='bbox 505 3620 610 3691; x_wconf 74' lang='lat' dir='ltr'>prendre</span> <span class='ocrx_word' id='word_1_262' title='bbox 694 3617 1170 3689; x_wconf 71' lang='lat' dir='ltr'>Gm.XI11.r.Gatlmmtnfimrare.</span> 
     </span>
     <span class='ocr_line' id='line_1_33' title="bbox 106 3695 1025 3773; baseline 0.002 -23"><span class='ocrx_word' id='word_1_263' title='bbox 106 3695 136 3749; x_wconf 78' lang='lat' dir='ltr'>les</span> <span class='ocrx_word' id='word_1_264' title='bbox 148 3708 225 3753; x_wconf 60' lang='lat' dir='ltr'>ammes</span> <span class='ocrx_word' id='word_1_265' title='bbox 233 3704 390 3772; x_wconf 63' lang='lat' dir='ltr'>precessione</span> <span class='ocrx_word' id='word_1_266' title='bbox 401 3722 446 3773; x_wconf 85' lang='lat' dir='ltr'>que</span> <span class='ocrx_word' id='word_1_267' title='bbox 463 3706 487 3753; x_wconf 83' lang='lat' dir='ltr'>si</span> <span class='ocrx_word' id='word_1_268' title='bbox 496 3702 541 3753; x_wconf 78' lang='lat' dir='ltr'>elle</span> <span class='ocrx_word' id='word_1_269' title='bbox 551 3704 612 3752; x_wconf 80' lang='lat' dir='ltr'>e&#39;tar&#39;t</span> <span class='ocrx_word' id='word_1_270' title='bbox 653 3700 715 3755; x_wconf 89' lang='lat' dir='ltr'>Scil.</span> <span class='ocrx_word' id='word_1_271' title='bbox 731 3718 826 3752; x_wconf 86' lang='lat' dir='ltr'>eorum</span> <span class='ocrx_word' id='word_1_272' title='bbox 838 3699 1025 3752; x_wconf 72' lang='lat' dir='ltr'>inconstantia,</span> 
     </span>
    </p>

    <p class='ocr_par' dir='ltr' id='par_1_8' title="bbox 106 3779 1172 4012">
     <span class='ocr_line' id='line_1_34' title="bbox 106 3779 1071 3853; baseline -0.001 -20"><span class='ocrx_word' id='word_1_273' title='bbox 106 3780 205 3847; x_wconf 65' lang='lat' dir='ltr'>eupleiree</span> <span class='ocrx_word' id='word_1_274' title='bbox 212 3783 610 3853; x_wconf 70' lang='lat' dir='ltr'>guterreetsurlepaysenrremr&#39;....</span> <span class='ocrx_word' id='word_1_275' title='bbox 696 3801 722 3833; x_wconf 81' lang='lat' dir='ltr'>a.</span> <span class='ocrx_word' id='word_1_276' title='bbox 735 3780 816 3851; x_wconf 78' lang='lat' dir='ltr'>Apud</span> <span class='ocrx_word' id='word_1_277' title='bbox 829 3798 877 3832; x_wconf 85' lang='lat' dir='ltr'>eos.</span> <span class='ocrx_word' id='word_1_278' title='bbox 893 3779 954 3832; x_wconf 88' lang='lat' dir='ltr'>Scil.</span> <span class='ocrx_word' id='word_1_279' title='bbox 971 3780 1071 3833; x_wconf 79' lang='lat' dir='ltr'>Gallos.</span> 
     </span>
     <span class='ocr_line' id='line_1_35' title="bbox 106 3854 1172 3932; baseline -0.001 -20"><span class='ocrx_word' id='word_1_280' title='bbox 106 3854 273 3928; x_wconf 62' lang='lat' dir='ltr'>laceremur</span> <span class='ocrx_word' id='word_1_281' title='bbox 287 3861 318 3913; x_wconf 84' lang='lat' dir='ltr'>de</span> <span class='ocrx_word' id='word_1_282' title='bbox 338 3861 363 3911; x_wconf 83' lang='lat' dir='ltr'>la</span> <span class='ocrx_word' id='word_1_283' title='bbox 374 3863 492 3915; x_wconf 75' lang='lat' dir='ltr'>caralera&#39;e</span> <span class='ocrx_word' id='word_1_284' title='bbox 504 3881 530 3913; x_wconf 84' lang='lat' dir='ltr'>se</span> <span class='ocrx_word' id='word_1_285' title='bbox 542 3880 611 3932; x_wconf 81' lang='lat' dir='ltr'>repo·</span> <span class='ocrx_word' id='word_1_286' title='bbox 697 3862 722 3914; x_wconf 82' lang='grc'>3.</span> <span class='ocrx_word' id='word_1_287' title='bbox 741 3861 840 3913; x_wconf 82' lang='lat' dir='ltr'>Hostes.</span> <span class='ocrx_word' id='word_1_288' title='bbox 861 3859 985 3924; x_wconf 77' lang='lat' dir='ltr'>Caesaris,</span> <span class='ocrx_word' id='word_1_289' title='bbox 994 3857 1024 3911; x_wconf 87' lang='lat' dir='ltr'>id</span> <span class='ocrx_word' id='word_1_290' title='bbox 1038 3858 1172 3924; x_wconf 87' lang='lat' dir='ltr'>est,Ger·</span> 
     </span>
     <span class='ocr_line' id='line_1_36' title="bbox 107 3937 1172 4012; baseline 0.001 -23"><span class='ocrx_word' id='word_1_291' title='bbox 107 3938 175 3989; x_wconf 69' lang='lat' dir='ltr'>slreat</span> <span class='ocrx_word' id='word_1_292' title='bbox 187 3960 243 3993; x_wconf 81' lang='lat' dir='ltr'>sans</span> <span class='ocrx_word' id='word_1_293' title='bbox 256 3942 328 3993; x_wconf 81' lang='lat' dir='ltr'>doute</span> <span class='ocrx_word' id='word_1_294' title='bbox 344 3953 397 4012; x_wconf 82' lang='lat' dir='ltr'>trop</span> <span class='ocrx_word' id='word_1_295' title='bbox 412 3942 554 4012; x_wconf 69' lang='lat' dir='ltr'>legeremerre</span> <span class='ocrx_word' id='word_1_296' title='bbox 570 3960 612 3993; x_wconf 83' lang='lat' dir='ltr'>sur</span> <span class='ocrx_word' id='word_1_297' title='bbox 654 3940 736 3994; x_wconf 80' lang='lat' dir='ltr'>meni.</span> <span class='ocrx_word' id='word_1_298' title='bbox 747 3940 782 3993; x_wconf 85' lang='lat' dir='ltr'>Et</span> <span class='ocrx_word' id='word_1_299' title='bbox 794 3940 901 3993; x_wconf 79' lang='lat' dir='ltr'>infrsrd</span> <span class='ocrx_word' id='word_1_300' title='bbox 912 3940 998 4011; x_wconf 83' lang='lat' dir='ltr'>quibus</span> <span class='ocrx_word' id='word_1_301' title='bbox 1011 3939 1127 3992; x_wconf 77' lang='lat' dir='ltr'>refertur</span> <span class='ocrx_word' id='word_1_302' title='bbox 1138 3937 1172 3991; x_wconf 80' lang='lat' dir='ltr'>ad</span> 
     </span>
    </p>
   </div>
   <div class='ocr_carea' id='block_1_6' title="bbox 24 4020 756 4092">
    <p class='ocr_par' dir='ltr' id='par_1_9' title="bbox 24 4020 756 4092">
     <span class='ocr_line' id='line_1_37' title="bbox 24 4020 756 4092; baseline 0.012 -28"><span class='ocrx_word' id='word_1_303' title='bbox 24 4040 25 4051; x_wconf 67' lang='lat'>2</span> <span class='ocrx_word' id='word_1_304' title='bbox 106 4033 179 4089; x_wconf 78' lang='lat' dir='ltr'>oeque</span> <span class='ocrx_word' id='word_1_305' title='bbox 190 4020 516 4075; x_wconf 72' lang='lat' dir='ltr'>lesGermar&#39;nsluiarcreut</span> <span class='ocrx_word' id='word_1_306' title='bbox 524 4025 615 4092; x_wconf 72' lang='lat' dir='ltr'>enroye</span> <span class='ocrx_word' id='word_1_307' title='bbox 655 4021 756 4075; x_wconf 78' lang='lat' dir='ltr'>Gallos.</span> 
     </span>
    </p>
   </div>
   <div class='ocr_carea' id='block_1_7' title="bbox 105 4094 1175 4254">
    <p class='ocr_par' dir='ltr' id='par_1_10' title="bbox 105 4094 1175 4254">
     <span class='ocr_line' id='line_1_38' title="bbox 107 4094 1172 4172; baseline -0.001 -19"><span class='ocrx_word' id='word_1_308' title='bbox 107 4094 251 4169; x_wconf 68' lang='lat' dir='ltr'>desdepure&#39;s,</span> <span class='ocrx_word' id='word_1_309' title='bbox 264 4112 290 4153; x_wconf 85' lang='lat' dir='ltr'>et</span> <span class='ocrx_word' id='word_1_310' title='bbox 302 4120 333 4153; x_wconf 81' lang='lat' dir='ltr'>ne</span> <span class='ocrx_word' id='word_1_311' title='bbox 347 4114 443 4153; x_wconf 81' lang='lat' dir='ltr'>crurerrt</span> <span class='ocrx_word' id='word_1_312' title='bbox 452 4122 499 4172; x_wconf 82' lang='lat' dir='ltr'>pas</span> <span class='ocrx_word' id='word_1_313' title='bbox 515 4106 582 4154; x_wconf 79' lang='lat' dir='ltr'>avoir</span> <span class='ocrx_word' id='word_1_314' title='bbox 596 4102 613 4152; x_wconf 85' lang='grc' dir='ltr'><em>ὰ</em></span> <span class='ocrx_word' id='word_1_315' title='bbox 697 4100 1172 4163; x_wconf 69' lang='lat' dir='ltr'>4.Proetermr&#39;tteret.Aliir&#39;rrtenritteret.</span> 
     </span>
     <span class='ocr_line' id='line_1_39' title="bbox 105 4179 1175 4254; baseline 0 -21"><span class='ocrx_word' id='word_1_316' title='bbox 105 4180 205 4233; x_wconf 68' lang='lat' dir='ltr'>craudre</span> <span class='ocrx_word' id='word_1_317' title='bbox 219 4200 266 4234; x_wconf 84' lang='lat' dir='ltr'>urre</span> <span class='ocrx_word' id='word_1_318' title='bbox 287 4192 401 4254; x_wconf 72' lang='lat' dir='ltr'>artaque,</span> <span class='ocrx_word' id='word_1_319' title='bbox 419 4202 450 4235; x_wconf 84' lang='lat' dir='ltr'>ou</span> <span class='ocrx_word' id='word_1_320' title='bbox 470 4181 524 4235; x_wconf 81' lang='lat' dir='ltr'>bien</span> <span class='ocrx_word' id='word_1_321' title='bbox 542 4182 573 4233; x_wconf 84' lang='lat' dir='ltr'>s&#39;ls</span> <span class='ocrx_word' id='word_1_322' title='bbox 587 4200 613 4233; x_wconf 84' lang='lat' dir='ltr'>se</span> <span class='ocrx_word' id='word_1_323' title='bbox 701 4181 727 4235; x_wconf 83' lang='lat'>5.</span> <span class='ocrx_word' id='word_1_324' title='bbox 749 4179 876 4235; x_wconf 77' lang='lat' dir='ltr'>Germarri.</span> <span class='ocrx_word' id='word_1_325' title='bbox 898 4182 971 4233; x_wconf 85' lang='lat' dir='ltr'>Beue</span> <span class='ocrx_word' id='word_1_326' title='bbox 993 4180 1063 4233; x_wconf 88' lang='lat' dir='ltr'>hanc</span> <span class='ocrx_word' id='word_1_327' title='bbox 1081 4197 1175 4233; x_wconf 84' lang='lat' dir='ltr'>vocem</span> 
     </span>
    </p>
   </div>
   <div class='ocr_carea' id='block_1_8' title="bbox 0 0 1508 5034">
    <p class='ocr_par' dir='ltr' id='par_1_11' title="bbox 0 0 1508 5034">
     <span class='ocr_line' id='line_1_40' title="bbox 0 0 1508 5034; baseline 0 0"><span class='ocrx_word' id='word_1_328' title='bbox 0 0 1508 5034; x_wconf 95' lang='lat' dir='ltr'> </span> 
     </span>
    </p>
   </div>
  </div>
 </body>
</html>
