3000 5034
277 409 351 492 [702
539 405 770 477 HENRICI
798 406 1095 478 DODWELLI

273 564 390 628 nasse,
411 540 457 609 ita
478 537 655 607 manifesto
676 536 797 607 falsum
820 552 891 627 est,
911 554 949 607 ut
977 563 1064 634 aegre
1086 538 1185 607 scribi
1206 542 1355 633 potuerit

272 671 293 715 a
315 646 732 717 eoaev0.1Detrahantura
753 645 913 740 praedicto
935 644 1138 715 confusionis
1161 670 1250 713 anno
1276 647 1352 741 708

271 756 350 824 anni
370 752 441 839 36,
457 750 602 847 reliquus
617 754 680 822 erit
701 776 808 821 annus
829 754 873 821 U.
893 755 931 821 C.
949 754 1150 823 Varronian.
1171 750 1270 848 672,
1285 777 1354 846 quo

271 862 334 934 sub
363 863 494 931 Caesare
521 862 642 941 mereri
670 860 818 954 coperit.
844 859 947 954 Atqui
977 874 1106 931 certum
1131 872 1182 927 est
1206 860 1350 953 primam

171 1046 177 1057 ¹
271 970 412 1039 Caesaris
433 967 640 1061 provinciam
658 965 759 1037 fuisse
777 990 818 1035 ex
838 980 1006 1061 praetura,
1028 991 1117 1037 anno
1139 969 1237 1035 Varr.
1260 964 1349 1061 692.

157 1083 159 1094 ’
268 1074 388 1146 Doluit
408 1089 568 1169 praeterea
580 1076 711 1162 Caesar,
726 1088 810 1143 teste
825 1074 1006 1161 Suetonio,
1020 1098 1049 1146 c,
1072 1098 1123 1169 7.,
1143 1072 1234 1168 quod
1249 1070 1348 1141 nihil-

268 1182 349 1251 dum
372 1206 392 1251 a
415 1206 450 1253 se
478 1178 695 1252 memorabile
721 1195 853 1275 gestum
881 1195 968 1257 esset
988 1182 1023 1249 in
1045 1194 1165 1267 aetate,
1187 1202 1254 1273 qua
1276 1179 1348 1273 jam

266 1288 455 1359 Alexander
468 1288 585 1361 orbem
603 1278 769 1362 terrarum
787 1288 978 1382 subegisset.
997 1288 1090 1357 AEtas
1107 1284 1164 1358 illa
1178 1300 1251 1357 erat
1269 1310 1347 1356 ann.

268 1394 317 1468 33
329 1451 340 1485 ,
353 1412 392 1465 ut
408 1410 534 1490 praeter·
544 1392 626 1463 alios
644 1393 743 1465 docet
762 1396 861 1466 etiam
880 1396 1001 1473 Cicero
1016 1392 1158 1488 Philipp.
1175 1395 1217 1462 V.
1237 1395 1348 1463 Natus

265 1519 315 1575 est
333 1506 446 1577 Caesar
463 1505 523 1572 IV.
540 1501 589 1570 Id.
609 1499 748 1589 Quintil.
765 1526 841 1571 ann.
861 1503 960 1581 Varr.
981 1497 1069 1587 654.
1086 1501 1141 1569 Sic
1153 1524 1280 1569 annum
1295 1496 1347 1569 33

264 1595 455 1697 absolverit,
462 1634 552 1677 anno
566 1607 703 1676 demum
716 1610 814 1678 Varr.
832 1605 1065 1703 687,ineunte
1075 1604 1236 1695 Quintili,
1249 1608 1348 1675 annis

264 1733 340 1812 post
356 1716 503 1813 praedict.
520 1713 596 1809 672
616 1714 816 1808 quindecim.
834 1717 876 1782 In
897 1714 963 1783 hoc
981 1729 1094 1783 tamen
1107 1736 1249 1783 numero
1264 1738 1347 1789 con·

263 1827 411 1895 sentiunt
431 1824 593 1897 editiones
614 1822 924 1915 exscriptoresque,
945 1822 981 1889 in
1011 1820 1131 1915 quibus
1153 1835 1188 1889 et
1210 1835 1346 1909 noster,

262 1957 304 2001 ne
331 1930 546 2014 dubitemus,
573 1926 616 1993 ab
643 1924 883 2021 interpolatore
904 1928 950 1997 ita
972 1929 1135 2021 scriptum
1166 1951 1246 1995 esse.
1278 1930 1344 1997 Hic

260 2038 348 2105 idem
374 2036 458 2105 liber
483 2036 526 2123 Q.
550 2034 686 2127 Ligario
713 2034 818 2103 vitam
845 2034 880 2101 in
907 2033 1021 2105 Africa
1049 2057 1245 2107 concessam
1271 2058 1346 2105 esse

249 2156 393 2231 ¹narrat,
416 2169 444 2213 c.
470 2141 530 2235 89.
551 2138 654 2228 Quod
672 2153 785 2210 tamen
805 2142 987 2210 certissime
1010 2138 1131 2211 falsum
1148 2166 1240 2228 esse,
1259 2165 1343 2210 con·

259 2265 325 2321 stat
338 2274 380 2317 ex
393 2247 514 2342 insigni
532 2246 723 2335 Ciceronis,
736 2262 814 2341 post
834 2246 978 2323 reditum
998 2249 1158 2336 Caesaris,
1177 2249 1342 2318 Oratione

258 2375 320 2450 pro
339 2357 483 2450 Ligario.
506 2354 621 2423 Coaevi
637 2354 809 2448 scriptoris
825 2368 896 2433 tam
923 2378 1055 2431 crassus
1076 2380 1174 2433 error
1192 2380 1265 2428 esse
1283 2358 1340 2427 via

257 2465 376 2560 potuit.
398 2466 444 2531 Et
464 2464 503 2534 L.
527 2461 652 2537 Caesari
664 2462 777 2538 ‚vitam
795 2485 814 2537 a
836 2460 925 2531 Julio
955 2459 1117 2556 facileque
1144 2486 1340 2534 concessam

256 2569 330 2638 vult
349 2584 469 2644 auctor
486 2566 564 2640 belli
584 2566 743 2654 Africani,
766 2571 895 2639 Contra
915 2567 984 2639 Dio
1006 2570 1044 2647 L.
1064 2570 1201 2657 xL1113
1219 2585 1340 2647 oonua

256 2679 394 2757 sueton.-
413 2679 497 2747 Caes.
520 2699 549 2743 c.
574 2669 647 2769 753
667 2688 787 2749 contra
808 2691 940 2751 coaevus
962 2676 1091 2749 Cicero.
1116 2676 1217 2755 Mitto
1242 2701 1338 2766 rem,

254 2808 356 2878 quarn
368 2797 485 2856 auctor
495 2783 566 2875 ipse
574 2778 802 2858 incredibilem
814 2781 953 2871 latetur,
962 2782 1005 2851 ab
1018 2780 1183 2875 equitibus
1195 2784 1338 2855 caesaris

253 2892 364 2960 minus
385 2892 488 2957 XXX
510 2885 615 2957 Gallis
642 2888 842 2965 Maurorum
860 2890 1012 2981 equitum
1033 2887 1101 2957 duo
1129 2887 1232 2967 millia
1261 2888 1338 2963 loco

253 3020 325 3067 esse
339 2994 443 3091 pulsa.
467 2996 569 3070 Mitto
586 2996 863 3088 provocationem
885 2996 1089 3070 centurionis
1106 2995 1279 3091 predicti,
1298 3010 1337 3074 ut
1385 3036 1387 3045 κ

251 3127 330 3171 cum
349 3104 415 3174 suis
438 3102 641 3179 decemcum
653 3101 793 3191 cohorte
810 3103 974 3197 Scipionis
988 3102 1177 3181 firmissima
1188 3127 1334 3181 concur-

250 3224 348 3281 reret
377 3213 458 3283 flaeo
479 3207 577 3304 plane
605 3206 832 3283 fabulatorum
862 3210 997 3303 genium
1025 3211 1159 3304 sapiunt
1188 3211 1333 3305 potius,

250 3340 351 3409 quarn
379 3316 716 3410 prudentissimorum
730 3327 740 3403 ,'
754 3316 878 3409 quibus,
891 3314 1050 3391 seculum
1071 3315 1154 3387 illud
1175 3316 1331 3412 politissi-

248 3434 343 3499 mum
364 3423 576 3511 abundabat,
598 3424 809 3516 scriptorum.
838 3425 914 3495 Huc
930 3424 1035 3495 etiam
1057 3438 1094 3496 et
1112 3422 1193 3499 illud
1220 3424 1331 3493 refero

247 3554 276 3601 o.
302 3531 383 3625 78.,
401 3530 493 3624 quod
509 3530 613 3619 dicit,
631 3530 773 3603 Caesaris
792 3530 819 3603 si
837 3554 907 3597 non
925 3528 1067 3625 amplius
1086 3544 1153 3601 tres
1172 3546 1230 3604 aut
1246 3555 1328 3625 qua·

245 3649 325 3709 tuor
340 3635 461 3709 milites
477 3638 628 3711 ueterani
642 3660 677 3708 se
692 3636 954 3722 convertissent,
972 3651 1005 3709 et
1021 3635 1088 3733 pila
1105 3637 1232 3707 viribus
1246 3662 1328 3707 con-

244 3758 335 3814 torta
355 3746 393 3814 in
418 3743 584 3816 Numidas
610 3742 748 3819 infestos
770 3743 1011 3837 conjecissent,
1033 3744 1175 3839 amplius
1197 3747 1233 3813 ΙΙ
1250 3744 1326 3813 mil-

243 3849 325 3921 lium
344 3876 485 3921 numero
501 3850 546 3923 ad
559 3875 665 3923 unuin
687 3865 783 3946 terga
804 3852 951 3925 vertisse.
975 3852 1061 3925 Sunt
1078 3854 1178 3925 etiam
1199 3853 1235 3919 in
1255 3850 1325 3921 dic·

242 3960 334 4027 tione
360 3957 527 4054 plurima,
594 3983 623 4029 ae
642 3982 747 4032 nemo
769 3960 894 4053 peritias
920 3958 1041 4032 harum
1067 3983 1181 4029 rerum
1206 3983 1325 4032 censor

241 4064 284 4163 ad
308 4067 449 4137 Caesaris
474 4080 604 4148 atatem
630 4063 797 4153 retulerit,
817 4090 889 4160 cap.
918 4088 982 4151 123
1001 4067 1149 4163 paleari.
1171 4068 1251 4135 Non
1269 4089 1333 4167 me·
