3000 5034
254 511 328 584 502
471 459 778 584 DIE-GALBA
803 517 871 584 ET
898 514 1103 584 GALLIS.

252 660 286 716 et
312 646 498 731 Straboue3
527 648 608 740 quin
627 662 660 715 et
683 647 834 716 ditissimi
861 637 964 716 erant*
986 646 1098 735 Galli,
1120 661 1154 716 et
1180 646 1332 717 fecundae

251 751 432 821 admodum
447 750 616 840 mulierem,
629 754 767 834 testibus
781 755 913 838 iisdem3
929 752 1012 822 alter
1025 779 1106 822 vero
1120 750 1143 839 (
1145 758 1197 823 W
1192 755 1308 823 allece
1309 749 1333 840 )

248 860 354 953 priori
375 860 600 954 respondens,
623 862 657 928 in
684 860 770 929 libro
792 863 845 929 cui
862 859 977 929 titulus
998 875 1073 929 est:
1097 863 1331 929 Dissertatrbn

248 965 435 1062 lectorique
464 982 500 1035 et
517 969 690 1062 polirique
715 993 776 1036 sur
800 969 838 1036 la
852 969 1064 1064 population
1098 967 1160 1036 des
1189 972 1331 1036 anetem

240 1076 400 1168 peuples,
418 1075 522 1141 Paris
535 1072 650 1170 1769,
664 1099 841 1143 numerum
853 1073 1028 1143 Gallorum
1043 1073 1085 1142 ad
1099 1077 1327 1168 [29‚000,000

247 1178 397 1273 protulit.
408 1181 453 1248 At
461 1205 524 1274 ego
532 1205 573 1248 ex
584 1180 700 1250 iisdem
708 1180 1331 1276 computationibus,quibusWallace

249 1311 330 1354 usus
354 1301 423 1373 est,
448 1287 641 1381 profectus,
662 1288 808 1356 medium
835 1290 924 1356 inter
944 1303 1124 1382 utrumque
1150 1311 1328 1356 numerum

246 1391 379 1482 inveni,
394 1394 450 1487 qui
475 1394 557 1462 mihi
585 1419 666 1463 vero
689 1396 827 1490 propior
851 1396 942 1464 visus
968 1409 1027 1464 est„
1052 1392 1173 1462 Melius
1196 1409 1326 1477 tumen,

248 1498 370 1587 credo,
393 1502 420 1568 si
434 1525 497 1593 pro
525 1503 635 1594 pueris
655 1516 688 1569 et
706 1501 887 1570 infantibus
905 1500 1016 1570 liberis
1038 1502 1211 1594 utriusque
1230 1524 1327 1569 sexus

247 1604 414 1700 duplicem
428 1631 605 1675 numerum
618 1611 779 1703 cepissem
795 1635 801 1675 :
817 1633 895 1677 uam
909 1610 1088 1701 unicuique
1102 1604 1233 1676 familiae
1249 1633 1326 1702 pro·

247 1716 378 1806 geniem
394 1712 560 1807 duplicem
576 1714 760 1784 concedere
769 1717 889 1784 rationi
902 1728 1164 1784 consentaneum
1178 1713 1326 1798 videtur,

247 1834 304 1907 et,
331 1822 498 1910 vicissim,
526 1846 594 1889 non
616 1837 701 1909 tres,
721 1822 780 1890 sed
801 1822 885 1890 duos
913 1835 1042 1890 tantum
1069 1820 1269 1890 domesticos
1293 1835 1327 1888 et

247 1951 360 1995 servos
378 1928 556 2020 unicuique
574 1913 925 2016 domuiladdixissem,
939 1942 973 1996 et
990 1928 1055 1996 hoc
1074 1926 1325 2020 quoquomodo

246 2056 362 2128 parem
387 2058 493 2127 prope
514 2057 691 2104 numerum
710 2035 910 2104 habuissem.
934 2036 1033 2118 Dixi,
1053 2033 1159 2104 lector
1174 2035 1325 2104 eruditus

245 2139 373 2208 viderit„
