3000 5034
318 405 394 538 314
461 453 500 521 e.
526 452 676 523 sucu
704 449 946 521 erasmus
970 450 1249 521 couunur.

315 610 419 683 quum
429 598 501 654 toto
510 598 660 680 tempore
669 582 792 677 frigore
799 595 833 651 et
846 581 983 651 assiduis
990 580 1149 652 imbribus
1164 580 1384 673 tardarentur,

314 708 426 763 tamen
442 692 623 761 confluenti
640 688 754 758 labore
771 689 882 779 omnia
900 688 971 757 haec
993 701 1252 781 superaverim,
1267 703 1301 757 et
1316 689 1383 759 die·

314 800 378 868 bus
393 800 494 867 XXV
508 822 683 893 aggerem,
699 795 803 867 latum
822 795 923 891 podes
941 790 1133 867 CCCXXX
1143 847 1154 882 ,
1165 793 1270 863 altum
1284 791 1385 889 pedes

314 907 446 978 LXXX
456 958 466 993 ,
475 917 717 975 exstruxerunt.
724 905 841 991 Quum
856 904 882 973 is
897 926 1030 975 murum
1040 902 1185 973 hostium
1199 924 1295 995 paene
1307 928 1386 973 con·
1482 894 1483 903 ’

315 1012 478 1105 tingeret,
497 1026 531 1080 et
546 1014 657 1081 Cacsar
671 1009 715 1080 ad
732 1034 816 1105 opus
834 1008 1075 1080 consuetudine
1094 1007 1293 1095 excubaret,
1305 1007 1387 1079 mili-

316 1132 431 1211 tesque
451 1118 708 1204 cohortaretur,
729 1141 772 1185 ne
799 1115 890 1211 quod
919 1117 1054 1185 ormino
1076 1128 1207 1209 tempus
1225 1114 1267 1185 ab
1287 1140 1388 1210 opere

315 1224 612 1314 intermitteretur3
632 1222 732 1319 paulo
757 1238 834 1293 ante
855 1224 984 1293 tertiam
1004 1220 1150 1317 vigiliam
1172 1234 1222 1291 est
1240 1222 1388 1291 animad-

316 1354 466 1418 versum,
485 1331 615 1401 firmare
635 1338 925 1425 aggerem,quem
948 1327 1102 1399 cuniculo
1119 1328 1230 1399 hostes
1251 1352 1388 1399 suecen·

315 1436 455 1508 derant:
476 1440 659 1533 eodemque
673 1452 836 1532 ¹tempore
858 1450 930 1506 toto
950 1460 1048 1509 muro
1069 1434 1215 1506 elamore
1237 1434 1389 1524 sublato,

316 1543 445 1613 duabus
468 1549 573 1640 portis
593 1546 635 1615 ab
654 1560 799 1639 utroque
825 1543 927 1613 latere
953 1544 1094 1612 turrium
1122 1544 1251 1637 eruptio
1278 1540 1388 1611 fiebat

316 1648 380 1719 Alii
403 1650 492 1721 faces
516 1667 616 1746 atque
637 1652 763 1721 aridam
790 1652 961 1721 materiem
988 1649 1030 1719 de
1056 1674 1156 1719 muro
1176 1651 1210 1718 in
1234 1672 1390 1743 aggerem

316 1758 446 1825 eminus
457 1758 642 1851 jaciebant,
654 1760 764 1854 picem
778 1758 831 1826 alii
845 1754 1071 1851 reliquasque¹
1088 1776 1159 1843 res,
1172 1755 1294 1849 quibus
1308 1756 1389 1849 iguis

317 1864 452 1933 excitari
466 1877 592 1957 potest,
608 1864 811 1954 fundebant3
824 1878 879 1952 ut,
892 1889 961 1957 quo
973 1865 1118 1958 primum
1134 1859 1390 1949 occurreretur²,

316 1982 375 2037 aut
386 1971 440 2038 cui
452 1972 500 2039 rei
511 1970 655 2040 ferretur
669 1969 845 2059 auxilium,
857 1972 912 2041 vix
927 1972 1011 2040 ratio
1025 1970 1100 2038 iniri
1113 1984 1232 2064 posset
1250 1971 1389 2056 Tamen,

316 2074 407 2167 quod
429 2078 579 2145 instituto
601 2079 740 2146 Caesaris
768 2077 841 2145 duee
870 2102 1001 2171 semper
1022 2076 1167 2170 legiones
1192 2101 1255 2169 pro
1276 2075 1390 2144 castris

317 2180 544 2270 excubabant,
558 2168 754 2278 pluresque³
768 2186 896 2280 partitis
910 2182 1114 2279 temporibus
1128 2184 1264 2250 erantin
1276 2205 1390 2276 opere,

316 2283 466 2356 celeriter
483 2288 608 2359 factum
631 2304 703 2378 est,
719 2278 763 2362 ut
775 2289 829 2359 alii
855 2278 1082 2384 eruptionibus
1105 2291 1319 2377 resisterent,
1341 2286 1391 2355 alii

316 2404 425 2462 turres
436 2392 633 2465 reducerent
642 2450 652 2485 ,
660 2415 881 2491 aggeremque
889 2396 1181 2483 interscinderent,
1190 2395 1301 2463 omnis
1314 2416 1390 2463 vero

318 2520 359 2566 cx
383 2504 497 2571 eastris
515 2501 693 2572 multitudo
715 2504 759 2571 ad
781 2502 1052 2598 restinguendum
1079 2514 1305 2571 concurreret.

370 2608 481 2677 XXV.
498 2610 613 2698 Quum
625 2611 660 2677 in
674 2609 828 2679 omnibus
848 2609 947 2697 locis,
965 2598 1163 2704 consumpta
1177 2609 1248 2701 jam
1266 2606 1390 2701 reliqua

317 2726 412 2805 parte
436 2718 567 2803 noctis,
587 2728 815 2813 pugnaretur,
836 2732 1031 2810 semperque
1055 2715 1206 2785 hostibus
1228 2736 1306 2809 spes
1327 2714 1390 2781 vic·

317 2819 411 2887 toriae
435 2820 738 2915 redintegraretur,
760 2845 801 2889 eo
827 2824 955 2915 magis,
973 2820 1064 2915 quod
1086 2818 1219 2891 deustos
1244 2816 1389 2915 pluteos¹

359 3028 534 3081 cmxxlv.
544 3030 657 3083 1.Pieem
668 3030 712 3081 alii
720 3031 835 3103 reliquas-
878 3031 957 3083 etiam
979 3028 1139 3101 aliquando,
1159 3029 1262 3088 tabulis.
1290 3032 1315 3082 A
1341 3047 1391 3083 aa·

320 3125 416 3181 queres.
424 3107 655 3161 HancHotmanus
665 3110 775 3163 inuasit
786 3129 834 3164 vo·
877 3110 949 3163 tibus
974 3122 1077 3174 umen,
1095 3121 1121 3161 et
1136 3110 1246 3173 tabulis,
1266 3122 1295 3163 et
1308 3108 1390 3167 vineis

322 3189 523 3259 eemsdiqnem
529 3189 613 3243 secuti
620 3189 836 3261 suntScaligeret
877 3190 908 3241 bi
921 3188 1096 3254 differebant3
1110 3186 1145 3241 de
1160 3188 1257 3261 quibus
1272 3189 1312 3243 sic
1323 3189 1388 3241 Ver·

320 3268 490 3321 mentiones.
506 3270 531 3321 A
549 3269 648 3323 nostris
661 3267 755 3335 codd,
769 3270 837 3325 stab¹
878 3271 934 3323 rius
947 3269 1072 3321 Flaccus:
1081 3270 1164 3321 Pluter‘
1176 3281 1255 3321 crates
1267 3272 1392 3321 wrioeru·

321 3344 557 3419 Oudendorpisnis
567 3350 625 3401 hec
640 3368 692 3403 vox
704 3349 802 3413 exulan
809 3361 837 3401 et
878 3349 911 3401 do
924 3353 1033 3410 irateetoe,
1052 3366 1106 3419 quoe
1121 3348 1230 3401 solebm
1244 3351 1335 3419 apponi
1347 3349 1389 3398 rei·

319 3428 835 3500 reetepotestomittiffsmenservsmus.
880 3429 961 3481 litibro
973 3428 1194 3499 opussacisrrtr'bro,
1204 3427 1388 3499 cruppellarios·

363 3526 390 3560 s.
401 3508 581 3561 occurreretur.
590 3509 679 3579 Vulgo
693 3520 834 3561 auraretur.
880 3520 920 3560 tur
933 3510 1065 3570 militium,-
1080 3526 1143 3561 nm
1152 3512 1224 3561 etiam
1233 3507 1331 3571 tabulae
1343 3506 1391 3579 qui·

237 3604 240 3607 ’
322 3586 541 3641 AtScel.exsuo
553 3587 646 3643 codice
658 3600 834 3651 occurreretur,
880 3587 923 3641 bus
950 3588 1010 3662 quid
1025 3591 1170 3659 praesepitur
1176 3627 1184 3651 ,
1204 3588 1285 3641 eodem
1301 3588 1391 3639 nomba

321 3666 366 3719 cui
378 3668 511 3721 consentit
523 3680 614 3721 noster
626 3666 687 3720 eod.
703 3668 735 3720 R.
749 3669 835 3739 5764.
879 3668 1102 3739 diruamuVeget.
1114 3667 1178 3721 sicl.
1192 3666 1390 3733 1v‚15:r>raoer

363 3746 390 3799 3.
410 3747 550 3819 Plruesqtoe.
564 3748 606 3800 Al.
621 3748 728 3819 dureque.
742 3748 782 3801 M.
797 3749 838 3801 lta
880 3748 1004 3810 diruetur,
1014 3752 1055 3820 qui
1065 3747 1281 3800 &similitudinem
1287 3745 1388 3805 absidis,

321 3844 429 3898 quoque
445 3825 524 3879 codd.
537 3826 635 3881 Audin.
656 3826 744 3882 Oxou.
760 3826 835 3881 editt.
880 3831 1162 3890 consummaturam,
1175 3838 1201 3878 et
1207 3828 1390 3879 αἱΙὶείἰεωνίἰεσι

321 3906 382 3961 uas.
397 3907 475 3960 Vsse.
489 3920 538 3961 ete
553 3906 646 3961 Nostri
658 3906 737 3962 codd.
749 3908 838 3980 vulga·
877 3920 1050 3979 pmtegrmtur,
1060 3911 1178 3980 ternisque
1184 3907 1283 3969 rutum,
1293 3920 1389 3979 quarm

211 4038 219 4054 ,
323 3998 377 4039 ιω
389 3985 496 4041 hebent
882 3989 1047 4053 uminmedr'o,
1056 3988 1389 4058 dsoeiacapr'tibusappom·

364 4065 429 4119 Cur.
443 4068 533 4120 XXV.
545 4086 569 4130 ι,
584 4067 691 4120 Pluteos.
703 4064 838 4121 Videntur
882 4078 928 4131 tur,
938 4072 1228 4139 inquameumquepartem
1234 4066 1338 4127 selueru,
1346 4060 1389 4113 ad-

324 4144 409 4223 plutei
422 4147 568 4203 erratibus
582 4148 745 4217 constitisse,
760 4160 837 4219 atque
882 4161 1002 4205 mereatur
1019 4168 1083 4203 more
1095 4151 1209 4219 carpere.
1223 4149 1258 4205 At
1269 4144 1322 4204 lul.
1335 4159 1388 4197 uon
