3000 5034
304 466 354 537 66
456 467 493 533 c.
522 462 664 533 sucu
691 431 927 532 crassius
954 459 1231 529 corruam.

250 590 252 595 ¹
302 600 357 686 hi,
372 600 428 693 qui
449 599 534 666 inter
549 596 654 665 aciem
674 588 904 679 versabantur,
916 592 1049 661 tertiam
1069 592 1175 661 aciem
1195 588 1375 659 laboranti·

301 706 365 775 bus
386 705 507 775 nostris
528 701 673 773 subsidio
690 701 789 769 misit.

356 814 446 882 LIII.
466 813 519 878 Ita
539 806 689 904 praelium
710 808 899 875 restitutum
920 818 990 892 est,
1007 818 1106 897 atque
1126 826 1243 872 omnes
1258 800 1376 871 hostes

302 933 396 1012 terga
415 930 606 1004 verterunt,
620 937 727 1007 neque
741 914 834 1007 prius
848 910 963 1006 fugere
980 909 1196 996 destiterunt,
1208 931 1310 1002 quam
1330 907 1376 977 ad

302 1025 427 1095 llumen
439 1023 595 1091 Rhenum
612 1019 713 1091 millia
733 1043 892 1114 passuum
908 1042 950 1087 ex
969 1042 1011 1087 eo
1031 1015 1106 1085 loco
1126 1016 1258 1085 circiter
1277 1016 1376 1108 quin·

304 1127 487 1224 quaginta¹
507 1128 728 1224 pervenerint
750 1126 803 1197 Ibi
824 1126 999 1221 perpauci,
1021 1138 1079 1191 aut
1104 1121 1231 1191 viribus
1255 1119 1374 1191 conlisi

302 1250 508 1307 transnatare
531 1234 793 1320 contenderunt,
807 1246 866 1301 aut
885 1230 1037 1301 lintribus
1054 1230 1197 1299 inventis
1214 1228 1276 1298 sibi
1291 1225 1376 1296 salu·

301 1357 369 1411 tem
391 1356 586 1437 repererunt
596 1340 616 1408 ².
642 1343 682 1408 In
712 1339 765 1408 his
795 1337 858 1408 fuit
877 1339 1083 1424 Ariovistus,
1104 1337 1160 1429 qui
1185 1332 1373 1403 naviculam

300 1448 478 1544 deligatam
500 1448 543 1517 ad
563 1450 671 1543 ripam
691 1459 827 1533 nactus,
841 1468 881 1513 ea
901 1442 1074 1539 profugit:
1094 1440 1237 1535 reliquos
1257 1464 1374 1509 omues

300 1556 470 1625 consecuti
558 1556 616 1624 'tes
637 1554 742 1622 nostri
763 1552 1009 1621 interfecenmt.
1028 1552 1113 1617 Duae
1134 1547 1269 1616 fuerunt
1282 1548 1376 1616 Ario·

299 1663 375 1731 visti
396 1686 516 1731 uxores
539 1684 634 1751 ,una
655 1662 766 1728 Sueva
786 1658 939 1744 natione,
956 1680 1057 1749 quam
1078 1653 1121 1722 ab
1137 1653 1238 1722 domo
1260 1676 1373 1722 secum
1398 1674 1403 1680 ·

298 1767 481 1854 eduxerat;
499 1766 603 1835 altera
624 1766 768 1851 Norica,
783 1764 869 1857 regis
887 1761 1045 1833 Vocionis
1071 1785 1185 1848 soror,
1207 1784 1309 1854 quam
1339 1760 1374 1828 in

299 1872 407 1942 Gallia
428 1874 621 1960 duxerat,a
642 1870 744 1939 fratre
764 1871 921 1939 miss'am:
939 1882 1087 1962 utraeque
1100 1867 1139 1935 in·
1152 1891 1192 1935 ea
1212 1865 1294 1960 fuga
1314 1891 1372 1961 pe·

337 2063 402 2115 Cir.
418 2063 492 2114 LIII.
514 2080 538 2114 1.
554 2059 637 2113 Multa
653 2078 721 2131 pass.
742 2064 813 2133 quin·
856 2058 962 2125 debuit,
971 2070 1181 2130 antequamcum
1189 2058 1280 2111 Arion.
1289 2059 1373 2111 collo-

298 2146 422 2213 quaginta.
430 2139 516 2195 codd.
522 2152 548 2193 et
554 2138 614 2192 edd.
624 2140 703 2211 prisc.
711 2144 814 2213 quinque
856 2151 990 2212 queretur.
1000 2138 1069 2191 Dein
1082 2139 1164 2203 ultra,
1174 2138 1274 2209 aliquot
1288 2138 1372 2193 leucis

296 2218 370 2291 quod
377 2238 432 2272 non
440 2218 582 2273 verisimile
590 2220 812 2293 est.0rosius,qui
854 2236 1024 2292 progressus,
1042 2217 1194 2271 decertarit.
1212 2218 1297 2270 Porro
1313 2218 1372 2273 huc

295 2300 475 2371 praliumhoc
483 2298 630 2370 descripsit,
638 2304 812 2372 quinquagmta
854 2297 1371 2369 incideredebentjuxtallasileamznam

295 2380 393 2451 posuit.
414 2379 528 2432 Variant
549 2380 628 2432 etiam
645 2379 748 2445 Graeci,
765 2380 813 2452 qui
855 2380 889 2432 ab
903 2380 953 2432 hac
965 2380 1032 2431 urbe
1050 2376 1084 2431 ad
1094 2377 1254 2430 Vesrmtium
1266 2378 1302 2430 25
1314 2379 1370 2432 fere

294 2460 409 2530 spatium
431 2479 480 2530 per
502 2458 585 2513 stadia
607 2458 762 2513 metiuntur.
779 2461 812 2512 In
855 2456 1370 2529 suntleucaegall.AdTrilroccosperva·

295 2538 428 2592 Plutarch.
443 2540 544 2593 Caesare
565 2558 588 2591 c.
607 2558 655 2608 19,
672 2538 716 2591 alii
731 2538 811 2593 codd.
853 2538 1253 2610 gatumesse,utferuntgraecae
1260 2556 1368 2591 mensu·

293 2615 396 2679 ςοιδίους
408 2620 573 2691 τριακοσίους,
583 2620 626 2670 alii
639 2621 810 2690 τετρακοσίους
853 2637 906 2684 rae,
921 2620 1066 2683 cesarem,
1081 2617 1128 2688 qui
1141 2616 1176 2670 de
1190 2631 1340 2671 commeatu
1353 2638 1368 2672 a

294 2698 428 2751 exhibent.
454 2700 588 2771 Interpres
612 2716 687 2769 graec.
711 2694 811 2751 Στοὶδιοι
853 2696 1117 2769 SequanisetAEduis
1130 2695 1369 2750 advehendosolli·

294 2779 481 2848 τετταράκοντα
495 2778 567 2849 legit.
584 2775 704 2829 Stadium
722 2790 810 2829 autem
853 2778 921 2830 citus
929 2788 1131 2847 erat,praeterea
1138 2776 1301 2830 Ariovistum
1312 2789 1367 2830 tam

293 2858 459 2909 constitut
473 2876 541 2927 pass.
553 2868 579 2907 et
591 2868 651 2908 octo
662 2853 746 2907 stadia
755 2857 811 2909 effi·
853 2856 931 2928 longe
944 2876 959 2908 a
974 2857 1027 2909 suis
1047 2856 1146 2909 finibus
1164 2856 1294 2923 abfuisse,
1307 2859 1367 2929 quis

291 2935 367 2987 ciunt
383 2935 495 2987 milliare
508 2938 585 2987 Rom.
599 2935 810 2988 ItafereM.—
844 2936 967 2989 credat?
986 2936 1132 3007 prasertim
1154 2954 1215 2987 cum
1240 2936 1264 2988 ei
1289 2938 1366 2990 tertia

292 3007 425 3066 Mensurae
438 3012 516 3067 codd.
532 3026 558 3066 et
573 3016 724 3085 conjectura
734 3016 808 3068 Beati
851 3034 912 3087 pars
921 3014 1112 3087 Sequanorum,
1119 3017 1230 3086 jamase
1237 3030 1365 3088 occupata

291 3094 415 3145 Rhenani
427 3093 494 3145 milri
505 3092 631 3146 videntur
644 3095 808 3165 probahilio·
851 3096 976 3160 sollicite,
990 3096 1022 3147 ab
1035 3095 1152 3147 hostiurn
1163 3096 1272 3148 incursu
1286 3111 1314 3149 et
1326 3114 1366 3149 re·

291 3190 342 3224 res.
351 3173 378 3224 Is
387 3184 475 3224 autem
484 3171 517 3225 ad
528 3173 688 3244 Apollinaris
696 3172 807 3241 AEdem,
850 3175 965 3228 bellione
975 3174 1122 3226 incolarum
1131 3175 1299 3246 potissimum
1309 3195 1364 3230 ser·

291 3269 376 3322 prope
387 3251 607 3315 Basileam,haud
619 3253 697 3323 longe
709 3274 723 3305 a
736 3254 808 3306 Rau·
849 3253 936 3307 vanda
955 3266 1030 3306 esset.
1049 3253 1097 3306 His
1113 3254 1194 3325 igitur
1211 3257 1362 3327 perpensis,

227 3340 231 3349 “
291 3332 358 3383 racis
381 3331 480 3403 campis
503 3344 529 3383 et
550 3333 665 3397 Rheno,
684 3333 807 3405 praelium
849 3334 989 3386 lectionem
1014 3332 1092 3386 codd.
1119 3335 1244 3397 retineo,
1261 3340 1364 3407 quinque

291 3410 371 3463 fuisse
388 3410 557 3464 commissum
573 3412 718 3478 existiman
734 3413 807 3467 unde
849 3416 996 3485 milliapass.
1006 3413 1195 3484 quaedistantia
1201 3414 1262 3466 satis
1269 3434 1364 3486 magna

290 3508 346 3542 uno
359 3508 438 3543 cursu
455 3489 489 3543 ad
502 3490 602 3543 flumen
615 3492 744 3563 aufugisse
756 3510 806 3564 po·
848 3494 915 3545 mihi
925 3493 1032 3547 ridetur
1041 3494 1195 3545 hominibus
1208 3512 1287 3545 cursu
1298 3513 1362 3547 con-

170 3566 186 3589 ¹
278 3580 399 3623 ¹tuerunt
412 3570 548 3624 Germani.
566 3570 594 3623 Si
609 3572 680 3624 enim
697 3590 727 3624 ea
746 3592 805 3643 quae
847 3574 928 3627 citato
944 3573 1112 3643 fugientibus.

290 3648 361 3702 dicta
374 3662 435 3701 sunt
449 3648 483 3702 de
496 3651 591 3703 itinere
603 3652 668 3704 Caes.
680 3652 806 3705 aVesun·
889 3673 915 3706 ο.
936 3652 1088 3722 Repennmt.
1110 3649 1196 3703 codd.
1213 3652 1299 3704 nostri
1315 3654 1359 3706 ita.

290 3730 328 3781 tio
343 3726 377 3780 ad
387 3729 510 3781 Ariovist.
524 3743 686 3803 repetamus,
700 3744 803 3785 cousta-
846 3732 967 3802 Vulgata
979 3734 1107 3800 petierunt.
1123 3730 1213 3781 Minus
1228 3731 1305 3785 bene.

288 3808 329 3860 bit
341 3808 417 3859 illum
431 3809 583 3871 aVesuntio
595 3808 628 3864 ad
640 3812 802 3864 Ariovistum
887 3810 913 3863 3.
929 3811 995 3861 Dua
1008 3810 1111 3876 fremat
1124 3808 1244 3862 Ariovisti
1266 3831 1359 3865 mores.

288 3887 479 3959 quinquaginta
490 3888 556 3942 mill.
566 3888 594 3941 id
603 3885 720 3961 est,15÷
732 3891 801 3945 leuc.
845 3890 886 3942 De
900 3889 1040 3942 Germanis
1054 3890 1092 3942 sic
1109 3889 1193 3943 Tacit.
1210 3890 1244 3942 18
1258 3893 1360 3963 :Prope

288 3968 391 4033 fecisse3
402 3980 428 4020 at
438 3986 493 4020 non
508 3966 639 4022 directum
653 3970 704 4020 iter
714 3972 801 4022 tenuit
844 3970 892 4021 soli
902 3969 1056 4022 barbarorum
1066 3970 1167 4040 singulis
1176 3970 1290 4023 uxoribus
1299 3991 1358 4023 con·

288 4048 390 4113 Caesar,
408 4046 454 4101 sed
476 4052 576 4101 circuitu
597 4048 719 4113 incessit,
741 4050 800 4102 locu
844 4054 904 4100 tenti
916 4062 986 4103 sunt:
1001 4055 1102 4121 exceptis
1116 4050 1243 4102 admodm
1254 4056 1356 4123 panop,

283 4131 387 4198 apertu,
402 4139 433 4179 nt
449 4128 546 4181 vitaret
560 4126 667 4181 insidias
684 4124 798 4195 (XLl);
842 4134 886 4201 qui
902 4149 949 4181 non
963 4131 1074 4195 libidine,
1087 4131 1131 4183 sed
1144 4131 1175 4182 ob
1193 4130 1355 4193 nobilitatem,

286 4206 650 4277 undepluresquamrileue.
659 4226 799 4281 peragrare
839 4211 949 4281 plurimu
962 4216 1051 4283 nuptiis
1065 4212 1203 4265 meamus
