3000 5034
226 445 279 542 'do
372 457 580 527 Ct-JULII
609 449 847 528 CAESARIS
875 459 1153 531 COMMENT.

227 599 325 680 atque
355 588 493 681 imperio
520 603 637 658 essent.
669 593 790 660 Unum
817 615 852 660 se
880 616 951 661 esse
974 579 1016 659 ex
1044 592 1136 659 omni
1165 591 1301 659 civitate

225 693 430 782 AEduorum,
447 696 503 788 qui
521 695 640 765 adduci
662 721 730 764 non
751 699 913 791 potuerit,
926 712 964 766 ut
981 698 1129 789 juraret,
1144 712 1202 765 aut
1219 720 1297 765 suos

224 795 347 868 liberos
368 800 497 869 obsides
515 802 618 870 daret.
642 803 697 871 Ob
719 827 793 872 eam
814 829 885 872 rem
902 796 941 872 ‘se
962 829 1003 871 ex
1024 805 1157 872 civitate
1182 803 1296 898 profu·

139 994 143 1006 Ι
225 907 327 999 gisse,
349 922 383 975 et
404 909 546 976 Romam
570 909 611 976 ad
634 925 785 978 senatum
806 913 953 998 venisse,
971 909 1129 978 auxilium
1150 907 1296 1003 postula-

222 1026 296 1080 tum
308 1011 343 1100 ¹⁰,
355 1013 444 1107 quod
466 1014 555 1084 solus
576 1041 683 1110 neque
701 1017 918 1110 jurejurando
936 1041 1043 1110 neque
1064 1016 1231 1085 obsidibus
1248 1029 1296 1083 te·

222 1135 366 1187 neretur.
383 1121 451 1188 Sed'
466 1122 559 1216 pejus
570 1123 751 1192 victoribus
766 1126 1050 1218 Sequanis,quam
1062 1123 1176 1190 AEduis
1186 1123 1297 1207 victis,

223 1225 399 1315 accidisse,
422 1244 599 1322 propterea
620 1230 709 1322 quod
730 1232 935 1318 Ariovistus,
955 1254 1013 1297 rex
1031 1232 1297 1313 Germanorum,

222 1331 258 1397 in
279 1357 394 1400 eorum
417 1334 537 1404 finibus
560 1337 778 1424 consedisset,
791 1340 987 1430 tertiamque
1006 1350 1136 1430 partem
1153 1335 1223 1428 agri
1239 1336 1296 1401 Se·

222 1441 342 1531 quani,
360 1441 417 1534 qui
447 1456 533 1510 esset
553 1444 699 1536 optimus
720 1446 822 1512 totius
843 1441 1242 1534 Galliae,.occupavisset,
1264 1454 1298 1506 et

222 1567 313 1614 nunc
332 1546 375 1614 de
394 1545 497 1616 altera
527 1563 621 1642 parte
651 1551 749 1617 tertia
774 1551 945 1642 Sequanos
965 1546 1124 1614 decedere
1142 1547 1297 1637 juberet3

215 1667 401 1746 propterea
413 1654 517 1746 quod,
527 1657 641 1748 paucis
652 1655 822 1722 mensibus
834 1668 926 1739 ante,
936 1652 1110 1720 Harudum
1122 1650 1223 1718 millia
1235 1651 1296 1718 ho·

220 1759 349 1836 minum
372 1763 490 1829 XXIV
512 1759 553 1826 ad
576 1785 652 1826 eum
670 1760 854 1845 venissent,
867 1758 986 1850 quibus
1013 1757 1106 1825 locus
1133 1781 1173 1824 ao
1203 1756 1297 1825 sedes'

221 1879 427 1956 pararentur.
459 1867 621 1932 Futurum
653 1889 723 1933 esse
756 1866 870 1958 paucis
900 1866 1019 1951 annis,
1040 1865 1089 1951 uti
1114 1887 1229 1931 omnes
1256 1888 1297 1931 ex

221 1967 338 2036 Gallia
357 1969 477 2037 linibus
492 1969 704 2064 pellerentur,
721 1985 820 2064 atque
834 1994 951 2039 omnes
966 1971 1125 2040 Germani
1139 1969 1296 2037 Rhenum

219 2073 400 2143 transirent
411 2101 420 2143 τ
432 2100 539 2170 neque
550 2081 646 2146 enirn
661 2077 900 2146 conserendum
910 2076 933 2100 ¹¹
949 2102 1020 2146 esse
1034 2074 1200 2146 Gallicum
1218 2099 1295 2144 cum

220 2183 467 2251 Germanorum
483 2207 701 2278 agrogneque
710 2185 800 2252 lianc
811 2184 1085 2253 consuetudinem
1097 2185 1205 2251 victus
1218 2207 1295 2250 cum

217 2285 275 2354 illa
296 2289 565 2382 comparandam.
585 2292 790 2359 Ariovistum
807 2307 940 2377 autem,
954 2305 997 2359 ut·
1007 2287 1107 2358 semel
1121 2287 1295 2358 Gallorum

219 2397 332 2489 copias
349 2395 462 2491 praelio
478 2398 595 2465 vicerit
608 2397 720 2491 ,quod
744 2396 894 2491 praelium
916 2397 1042 2466 factum
1061 2398 1103 2465 sit
1120 2396 1162 2463 ad
1180 2397 1294 2487 Mage-

218 2501 362 2570 tobriam
378 2501 413 2590 ¹²,
432 2503 573 2597 superbe
587 2519 621 2572 et
634 2502 812 2572 crudeliter
828 2501 1147 2598 imperare,obsides
1165 2499 1297 2583 nobilis·

218 2608 295 2675 simi
310 2609 472 2702 cujusque
493 2609 613 2678 liberos
636 2635 791 2703 poscere,
817 2625 852 2678 et
876 2612 911 2678 in
933 2635 990 2678 eos
1012 2609 1124 2676 omnia
1144 2607 1296 2700 exempla

218 2715 450 2808 cruciatusque
461 2701 485 2740 ¹³
503 2715 621 2802 edere,
635 2717 662 2784 si
688 2740 754 2809 qua
779 2741 832 2784 res
856 2740 924 2812 non
948 2715 990 2782 ad
1018 2726 1137 2781 nutum
1167 2708 1296 2781 autad

217 2818 424 2888 voluntatem
447 2821 517 2914 ejus
540 2821 629 2890 facta
650 2823 711 2890 sit:
725 2823 897 2891 hominem
921 2846 992 2890 esse
1010 2819 1209 2906 barbarum,
1229 2821 1293 2887 ira-

217 2925 390 3014 cundum,
414 2929 649 2995 temerarium:
668 2951 736 2996 non
770 2954 867 3022 posse
900 2928 970 3019 ejus
999 2927 1141 3020 imperia
1171 2925 1294 2995 diutius

218 3033 398 3124 sustineri:
422 3035 484 3102 ni'si
506 3036 532 3102 si
554 3035 632 3128 quid
660 3037 693 3103 in
719 3038 850 3104 Caesare
872 3033 1063 3129 populoque
1090 3057 1229 3125 romano
1251 3035 1294 3100 sit

217 3137 348 3225 auxilii,
363 3141 516 3228 omnibus
540 3140 644 3210 Gallis
668 3141 756 3210 idem
780 3167 850 3211 esse
877 3140 1086 3228 faciendum,
1100 3138 1191 3234 quod
1214 3136 1292 3222 ΗεεΙ-ι

216 3246 297 3316 vetii
314 3244 471 3336 fecerint,
489 3262 527 3316 ut
546 3247 647 3318 domo
668 3249 849 3343 emigrent,
868 3247 957 3316 aliud
975 3246 1199 3333 domicilium,
1213 3245 1292 3314 alias

219 3501 223 3508 ’
260 3527 295 3562 10
311 3509 439 3564 Auxilium
450 3512 607 3582 postulatum.
624 3509 680 3564 Cic.
696 3508 731 3562 de
775 3522 867 3562 mento
891 3509 1025 3563 revocavit
1045 3509 1082 3559 ad
1097 3505 1290 3576 Magetobn‘em‚

215 3587 277 3642 Div.
294 3607 322 3655 1,
337 3597 390 3656 41,
404 3592 486 3642 Rediit
499 3603 577 3644 autem
593 3611 618 3642 re
633 3593 729 3658 infecta.
775 3591 1003 3662 quamlectionern
1009 3588 1091 3640 secuti
1097 3604 1195 3638 sumus.
1203 3583 1290 3637 Oodd.

215 3667 281 3722 vid.
297 3669 379 3734 infr„
390 3687 435 3723 vr.
454 3689 498 3723 12.
774 3689 846 3740 regg.
864 3670 954 3738 5763,
967 3669 1059 3735 5764,
1073 3665 1108 3716 ad
1118 3664 1290 3735 Magetobrioe.

253 3749 730 3820 11.Nequeenimconsereuclum.Prop·
774 3767 779 3774 ·
812 3747 1293 3816 13.Eaeemplacruciamsqueacxxem·

215 3838 256 3880 ter
271 3820 443 3883 fertilitatem.
775 3829 820 3899 pla
831 3827 1003 3879 cruciatuum.
1013 3825 1141 3894 Exempla
1150 3843 1214 3877 vero
1229 3837 1292 3878 sunt

260 3909 557 3979 12.AdMagetobriam.
572 3906 622 3961 nd.
638 3907 731 3979 prisca
775 3925 879 3978 genera.
902 3905 987 3969 Male,
1003 3905 1049 3975 qui
1064 3905 1212 3957 omiserunt
1229 3925 1288 3977 que,

214 3981 315 4041 habeut
327 3989 583 4058 Amagetobriae,seu
594 3989 629 4040 ad
642 3987 729 4056 Mage·
774 4006 830 4038 non
855 3983 1093 4038 animadvertentes
1119 4003 1174 4037 esse
1197 3988 1220 4037 ἓν
1244 3981 1291 4038 διὰ

217 4068 316 4135 tobrtoe,
332 4069 369 4122 ita
384 4089 490 4141 quoque
504 4087 602 4140 graecus
618 4069 729 4138 interpr.
775 4063 851 4119 ὼοῖν.
866 4066 947 4117 Edere
963 4067 1070 4138 exempla
1084 4066 1166 4118 hahet
1180 4063 1289 4117 Terent.

216 4149 239 4198 ἰν
262 4154 295 4216 τῇ
315 4140 506 4220 Ᾰμαγετοῧρίᾳ,
522 4147 731 4220 repugnantibus
775 4147 844 4199 Eun.
860 4165 887 4211 v,
904 4165 932 4217 7,
951 4167 1003 4212 aa,
1023 4159 1057 4199 et*
1068 4146 1136 4198 edere
1157 4148 1288 4204 ouciatur,

216 4225 295 4282 codd.
313 4229 472 4297 obernum,
489 4248 522 4283 ex
536 4241 618 4285 veter.
635 4245 730 4282 monu-
775 4239 807 4281 ut
819 4227 883 4282 alibi
895 4228 1157 4294 eudemssaedeaetc.
1171 4225 1223 4278 Oa.
1240 4229 1244 4237 '
