3000 5034
321 472 422 556 ,ιο
464 464 1307 555 cuunrronsnniscoununr„
1401 529 1413 556 q
1485 403 1486 422 Ν

324 602 492 673 Labienus
513 613 634 685 noctu,
651 598 794 669 tribunis
816 595 962 677 'rnilitum
987 598 1167 692 primisque
1188 596 1393 682 ominibus?

324 706 495 795 coactis¹¹,
523 705 603 800 quid
628 706 679 774 sui
704 706 746 775 sit
767 703 916 792 consilii,
937 698 1114 798 proponit,
1129 718 1164 773 et
1178 728 1249 799 quo.
1268 703 1399 775 facilius

322 814 475 885 hostibus
503 812 631 881 timoris
657 810 714 880 det
743 811 963 906 suspicionem
976 808 1012 899 ¹²,
1039 810 1165 903 majore
1194 812 1336 905 strepitu
1364 824 1397 880 et
1474 856 1477 863 -

326 919 496 1008 tumultu,
527 941 628 1013 quam
655 916 771 1012 populi
795 918 924 986 romani
951 915 1017 985 fert
1042 914 1269 1005 consuetudo,
1289 931 1397 985 castra

302 1058 307 1067 ¹
325 1051 453 1095 moveri
446 1024 572 1119 jubet.
594 1026 653 1093 His
675 1023 775 1093 rebus
796 1022 883 1119 fitgae
903 1020 1043 1093 similem
1063 1022 1322 1118 profectionem
1328 1022 1397 1091 effi

327 1132 416 1202 cit¹
394 1118 518 1201 ³Haec
533 1155 665 1225 quoque
685 1154 744 1225 per
766 1128 991 1224 exploratores
1010 1144 1088 1198 ante
1108 1127 1260 1218 lucem,
1249 1153 1285 1223 m
1306 1142 1400 1199 tauta

327 1240 572 1334 propinquitate
594 1250 798 1325 castrorum,
812 1236 854 1305 ad
871 1236 984 1307 hostes
1003 1235 1207 1306 deferuntur.

200 1417 202 1428 ,
316 1377 321 1382 ·
380 1348 475 1415 VIII.
503 1348 570 1415 Vix
595 1367 716 1439 agmen
744 1343 961 1414 novissimum
982 1357 1077 1412 extra
1097 1344 1299 1412 munitiones
1323 1366 1400 1438 pro·

328 1465 492 1540 cesserat,
513 1476 617 1545 quum
638 1450 747 1539 Galli,
768 1450 935 1525 cohortati
952 1452 1105 1537 intense,
1130 1477 1149 1513 ι
1163 1470 1209 1520 ue·
1232 1462 1400 1543 speratam

328 1556 495 1653 praedam¹
518 1582 560 1626 ex
580 1558 734 1627 manibus
761 1556 983 1644 dimitterent;
998 1554 1137 1650 longum
1161 1578 1252 1643 esse,
1273 1570 1400 1650 perter-

228 1679 230 1683 '
327 1666 400 1734 ritis
426 1666 606 1752 Romanis,
628 1666 875 1734 Germanorum
902 1660 1082 1734 auxilium²
1105 1676 1321 1757 exspectare3
1344 1686 1401 1729 ue·

317 1794 394 1865 ,que
416 1794 510 1841 suam
531 1772 600 1865 pati
621 1770 835 1865 dignitatem,
856 1784 895 1839 ut
915 1771 1017 1840 tantis
1036 1769 1141 1864 copiis
1157 1782 1226 1837 tam
1247 1769 1401 1862 exiguam
1462 1832 1465 1837 .

329 1901 486 1964 manum,
508 1878 690 1971 praesertim
712 1875 894 1971 fugientem
920 1891 1020 1970 atque
1044 1875 1257 1972 impeditam,
1278 1874 1403 1945 adoriri

327 2007 398 2050 non
419 1982 563 2052 audeant
575 2010 613 2072 »3
635 1983 760 2052 flumen
782 1985 942 2071 transire,
962 1997 998 2052 et
1016 1983 1130 2076 iniquo
1154 1979 1229 2051 loco
1250 1979 1402 2075 proelium

327 2090 537 2157 committere
556 2114 625 2158 non
641 2088 805 2159 dubitant.
820 2091 906 2179 Quae
927 2036 999 2159 iore
1017 2090 1201 2184 suspicatus
1217 2087 1403 2175 Labienus,

326 2209 368 2263 ιιι
388 2218 503 2263 omnes
524 2198 608 2265 citra
636 2170 761 2265 flumen
781 2194 934 2285 eliceret,
955 2194 1071 2265 eadem
1088 2219 1168 2265 usus
1192 2191 1403 2263 simulatione

329 2286 477 2369 itineris³
479 2300 640 2396 placide
648 2302 932 2397 progrediebatur
949 2305 1054 2391 Tum,
1068 2301 1245 2396 praemissis
1261 2299 1402 2395 paulum

329 2355 592 2501 impedinieutis,
610 2423 709 2503 atque
725 2412 760 2477 in
780 2408 909 2484 tumulo
926 2408 1071 2503 quodam
1093 2405 1281 2479 collocatis:
1305 2436 1324 2471 ι
1336 2409 1403 2492 Ha·

331 2512 435 2601 betis,
456 2516 582 2609 inquit,
596 2513 735 2635 milites,
751 2539 852 2609 quam
870 2516 1020 2652 petistis,
1010 2512 1250 2603 ,facultatemz
1268 2514 1402 2583 hostem

329 2620 489 2713 impedito
518 2635 616 2715 atque
646 2623 761 2715 iniquo
786 2620 861 2691 loeo

331 2726 428 2796 nobis
450 2726 598 2796 ducibus
618 2729 798 2816 virtutem,
823 2751 925 2821 quant
953 2751 1181 2821 saepenumero
1208 2710 1403 2821 imperatori

331 2823 544 2926 prestitistis:
567 2832 680 2902 adesse
701 2819 799 2902 eum⁵
801 2848 868 2929 ,οι
887 2834 959 2902 haee
981 2858 1095 2902 coram
1116 2857 1274 2921 eernere,
1292 2834 1404 2902 existi·

912 2636 1047 2690 teneus·
1073 2635 1226 2717 praestate
1248 2619 1403 2689 eamdem

375 3046 420 3083 10.
433 3032 568 3105 Primisqne
581 3031 710 3085 ordinibus.
726 3031 791 3086 Vid.
802 3052 844 3086 su·
888 3044 950 3093 tam,
959 3032 1023 3084 vel'
1013 3045 1156 3103 insperatam
1161 3032 1280 3103 proedmn,
1287 3034 1403 3106 pessime

332 3126 394 3183 pra,
404 3111 423 3162 l.
439 3130 472 3176 v,
488 3110 531 3163 30.
887 3112 923 3163 ait
938 3112 1076 3177 Davisius3
1091 3125 1118 3164 et
1130 3112 1226 3164 merito
1241 3113 1362 3183 quidem.

384 3208 428 3243 11.
457 3190 562 3243 Coactis.
583 3191 673 3263 Vulgo
693 3196 842 3251 convocatis.
912 3212 954 3253 ¹2.
967 3191 1101 3243 Auxilium.
1115 3192 1157 3244 tt.
1173 3192 1275 3245 wilia.
1286 3193 1403 3246 Utrum-

272 3302 281 3319 .
332 3268 462 3341 Eglossa.
478 3269 529 3321 On.
886 3289 938 3342 que
952 3272 1029 3323 bene.
1205 3262 1209 3268 ⁴

375 3349 843 3421 12.Suspicionem.Vet.cod.Bongars.
928 3351 954 3402 3.
963 3350 1058 3401 Eadem
1072 3370 1127 3401 rasus
1137 3352 1287 3403 simulatione
1298 3355 1402 3416 itineris.

331 3428 410 3501 prim.
427 3428 608 3500 Stupentionem.
626 3429 687 3483 Non
703 3431 772 3482 male
781 3450 845 3501 quo·
887 3430 1030 3500 Perperam
1042 3429 1157 3482 Ursinus
1176 3431 1280 3500 legebat
1299 3416 1402 3485 tinuerit.

332 3526 404 3580 que:
423 3528 485 3560 nam
508 3509 565 3561 haec
588 3528 639 3561 vox
664 3522 808 3579 usurpatur
828 3515 846 3568 a
886 3508 1404 3583 NamLabienussimulaveretsefugere

332 3587 478 3653 Frontino,
492 3588 510 3640 l.
527 3606 554 3654 1,
574 3608 596 3641 c.
615 3591 639 3643 8
659 3590 719 3641 Val.
736 3588 808 3641 Max.
824 3590 843 3643 l
886 3589 968 3653 velle;
980 3601 1007 3639 et
1032 3588 1077 3640 hio
1100 3590 1188 3641 Cesar
1211 3590 1338 3661 iutelligit
1353 3593 1404 3645 iter

331 3686 389 3733 vn,
407 3666 440 3731 3,
456 3665 521 3737 57:
537 3670 703 3737 suspectionem
714 3688 781 3719 suam
792 3669 843 3719 dis·
887 3668 955 3738 sugas
968 3668 1061 3719 simile
1072 3666 1170 3720 VOSS

331 3705 458 3799 similavit
477 3746 584 3798 Terent.
607 3746 692 3797 incidit
704 3753 830 3818 suspectio.
922 3725 1403 3829 tffHostmtmpedttoatquetniqoqloco.

375 3826 419 3879 13.
436 3826 843 3895 Fugoesimilemprosectionemef·
885 3824 1113 3897 Impedituslocus
1121 3816 1405 3900 diciturquicunique‚

324 3903 388 3975 ficit.
405 3906 555 3958 Frontinl.
569 3923 593 3957 11
601 3904 777 3978 ,.Stratagem
793 3908 844 3960 fac·
886 3924 973 3998 quum
986 3905 1083 3958 illuc'
1064 3924 1118 3957 uve
1128 3908 1222 3977 palus
1240 3908 1294 3961 sive
1317 3910 1404 3974 silva,

330 3996 388 4038 tum
403 3984 455 4038 hoc
467 3984 578 4037 Labieni
593 3985 692 4039 laudat.
886 3986 941 4038 sive
951 4004 1010 4057 ripa
1016 3985 1133 4037 flumuns
1141 4005 1259 4059 praeoeps
1265 4000 1291 4039 et
1300 3989 1405 4060 abrup-

369 4064 435 4117 Cu.
447 4064 524 4117 VIII.
543 4082 567 4118 1.
579 4063 705 4135 Speratum
720 4067 840 4136 praedam.
887 4079 929 4131 ta,
948 4066 1093 4137 ingressum
1104 4065 1224 4135 impedit.
1240 4064 1307 4120 cod.
1324 4068 1404 4123 Carr.

330 4142 437 4196 Graecus
452 4144 582 4215 interpres
596 4146 750 4198 ἐλπισθεῖσαν
764 4146 841 4199 isias.
885 4145 949 4219 legit
963 4146 1040 4196 hostes
1054 4144 1184 4215 impeditos.

330 4221 485 4277 ciacconius
500 4236 592 4280 contra
607 4222 685 4279 codd.
699 4225 758 4293 vult
764 4245 841 4297 pam·
929 4226 955 4279 5.
969 4224 1063 4280 Adesse
1078 4245 1138 4279 enm.
1153 4223 1325 4300 Coddsarque
1336 4228 1408 4281 illm
