3000 5034
308 483 379 555 188
462 487 500 553 C
527 484 667 551 JULII
695 481 923 551 CAESARIS
951 482 1223 551 COMMENT.

302 614 442 752 pedibus
468 615 590 710 dispari
611 598 753 709 praelio³
780 612 1026 682 contenderent.
1054 613 1224 707 Equestris
1255 628 1365 683 autem

302 708 422 814 praelii
430 724 514 790 ratio
529 736 563 789 et
580 720 773 789 cedentibus
786 735 821 788 et
834 720 1079 813 insequentibus
1090 743 1153 813 par
1165 734 1264 813 atque
1278 720 1365 789 idem

301 826 485 920 perieulum
507 828 676 896 inferebat
699 826 888 896 Accedebat
908 827 991 915 huc,
1012 841 1052 894 ut
1077 850 1272 924 numquam
1287 851 1365 895 con·

301 931 397 1021 ferti,
421 934 477 1003 sed
494 936 559 1001 rari
581 936 774 1029 magnisque
795 931 973 1002 intervallis
995 931 1238 1027 praeliarentur,
1254 934 1366 1001 statio·

301 1062 424 1132 nesqne
442 1041 614 1134 dispositas
633 1041 811 1127 haberent,
826 1054 924 1133 atque
945 1038 1025 1107 alios
1040 1038 1093 1107 alii
1111 1038 1265 1132 deinceps
1280 1041 1366 1108 exci-
1405 1103 1408 1107 .

300 1160 435 1237 perent,
455 1148 638 1241 integrique
659 1161 692 1215 et
710 1161 859 1215 recentes
876 1146 1061 1240 defatigatis
1083 1145 1308 1213 succederent.

353 1254 463 1321 XVII.
482 1256 619 1322 Postero
636 1252 706 1341 die,
728 1251 845 1348 procul
867 1278 888 1320 a
909 1254 1022 1322 eastris
1043 1253 1155 1321 hostes
1175 1253 1209 1318 in
1228 1250 1368 1321 collibus

300 1359 535 1447 constiterunt,
554 1361 684 1453 rarique
703 1385 737 1429 se
759 1358 948 1447 ostendere,
962 1375 996 1428 et
1010 1358 1131 1427 lenius¹
1147 1382 1247 1451 quam
1261 1358 1369 1452 pridie

300 1478 430 1553 nostros
457 1466 582 1559 equites
604 1464 717 1560 praelio
739 1453 899 1535 lacessere
920 1480 1102 1561 coeperunt.
1125 1464 1192 1533 Sed
1212 1464 1368 1554 meridie,

299 1592 403 1661 quum
421 1573 533 1642 Caesar
550 1572 731 1667 pabulandi
748 1597 848 1642 causa
865 1586 938 1653 tres,
954 1572 1098 1667 legiones
1117 1586 1215 1665 atque
1233 1595 1367 1639 omnem

299 1677 481 1768 equitatum
504 1704 581 1748 cum
606 1680 644 1747 C.
664 1680 831 1748 Trebonio
853 1677 979 1773 legato²
1002 1680 1141 1747 misisset
1147 1692 1313 1771 ,repente
1328 1703 1369 1745 ex

298 1783 451 1851 omnibus
466 1786 615 1878 partibus
630 1784 672 1852 ad
688 1784 900 1879 pabulatores
915 1784 1171 1871 advolaverunt,
1186 1786 1248 1871 sic,
1262 1785 1312 1853 uti
1326 1784 1368 1851 ab

298 1888 398 1981 signis
404 1873 685 1983 ³legionibusque
712 1914 781 1958 non
807 1891 1011 1959 absisterent
1038 1891 1169 1978 Nostri,
1191 1890 1313 1958 acriter
1335 1892 1368 1957 in

297 2017 354 2061 eos
371 1995 497 2088 impetu
515 1996 619 2082 facto,
631 1995 841 2090 repulerunt;
854 2022 962 2089 neque
982 1997 1084 2065 finem
1102 1944 1259 2089 seqirendi
1281 1996 1368 2064 fece-

297 2113 392 2186 runt,
409 2088 537 2193 quoad⁴
550 2101 695 2170 subsidio
713 2101 830 2170 confisi
849 2106 990 2196 equites,
1005 2127 1108 2195 quum
1125 2117 1203 2195 post
1215 2126 1250 2169 se
1266 2100 1368 2197 legio·

296 2228 354 2284 nes
367 2206 545 2294 viderent,
541 2210 732 2302 praecipites
748 2209 860 2277 hostes
874 2222 1033 2302 egerunt:
1025 2232 1233 2301 magnoque
1249 2232 1368 2277 eorum

296 2334 436 2391 numero
450 2314 641 2401 interfecto,
653 2339 761 2408 neque
774 2316 823 2382 sui
837 2313 1145 2409 colligendi‚neque
1154 2315 1368 2402 consistendi,

296 2431 354 2485 aut
374 2442 415 2486 ex
430 2419 550 2503 essedis
564 2420 733 2490 desiliendi
747 2419 938 2489 facultatem
955 2419 1125 2490 dederunt.
1142 2423 1193 2487 Ex
1209 2420 1273 2500 hac
1286 2421 1368 2515 fuga

295 2525 464 2617 protinus,
480 2551 553 2619 quae
568 2527 713 2621 undique
727 2541 969 2614 convenerant,
987 2526 1107 2595 auxilia
1123 2526 1365 2597 discesserunt:
1397 2586 1402 2593 .

337 2755 362 2807 3.
373 2754 571 2826 Disperipraelia.
580 2755 704 2807 Proelium
710 2753 810 2807 estdis·
851 2753 888 2806 do
909 2752 939 2806 id
956 2751 1095 2819 acciderit,
1107 2766 1134 2807 et
1153 2754 1365 2825 procedentibus

294 2852 354 2905 par,
378 2833 485 2904 quando
505 2833 585 2906 pedes
605 2834 724 2905 confligit
746 2853 809 2887 curn
851 2834 1060 2905 etseqnentibus
1073 2833 1194 2905 explicat.

294 2914 398 2984 equite;
421 2913 495 2984 quod
514 2932 596 2985 genus
619 2932 715 2985 pugnae
739 2932 809 2986 serpe
891 2915 955 2967 Cir.
964 2915 1054 2967 XVII.
1063 2932 1088 2967 ι.
1096 2916 1192 2967 lentus.
1202 2914 1363 2969 Aliileutr'us.

294 2993 388 3062 saepius
401 2992 486 3063 pediti
497 2994 591 3047 melius
600 2992 717 3047 succedit
727 3013 809 3067 qnam
851 2991 977 3046 Viridior
987 3007 1077 3046 notua
1087 3006 1159 3046 certe
1169 2995 1257 3050 lectio.
1264 2997 1361 3057 baius,

293 3072 386 3143 equiti.
850 3074 955 3127 minore
975 3073 1072 3127 studio.
1095 3072 1175 3126 Unde
1195 3059 1254 3125 leuis
1269 3077 1364 3145 fluvius

335 3153 807 3226 4.Equestrisproeliiratio.Retioqua
850 3154 947 3224 passim
973 3155 1119 3226 opponitur
1145 3155 1230 3225 rapido
1252 3160 1361 3208 torrenti.

293 3232 394 3302 equites
403 3250 465 3284 eum
475 3234 608 3304 equitibus
617 3247 745 3305 pugnant.
753 3235 809 3305 Op-
850 3232 1010 3287 Noster-eod.
1018 3235 1105 3305 5763,
1112 3235 1215 3296 hauns
1207 3247 1244 3286 ita
1252 3247 1280 3286 et
1290 3236 1362 3287 Bon·

293 3310 403 3381 ponitur
412 3312 506 3383 dispari
514 3316 611 3384 praelia.
627 3340 638 3361 «
650 3314 760 3378 Nescio,
771 3315 808 3366 ait
850 3314 1362 3384 gars.Petav.Lov.Vosoianietoptimi.

293 3389 448 3457 Godninus,
458 3392 492 3445 de
502 3394 569 3446 utris
581 3391 666 3458 dicat,
680 3394 807 3447 Romanis
893 3414 918 3447 a.
939 3394 1001 3447 Crosa
1025 3393 1056 3445 C.
1080 3394 1198 3445 Trebonio
1222 3395 1312 3464 legato.
1336 3395 1363 3446 ls

293 3488 327 3523 an
346 3471 443 3537 Gallis,
456 3492 490 3524 an
511 3472 546 3525 de
567 3474 705 3544 utrisque:
718 3488 807 3527 tamen
850 3474 950 3527 amicus
965 3474 1074 3527 Cetaria
1088 3487 1117 3526 et
1136 3474 1251 3545 legatus,
1269 3474 1362 3526 consul

293 3548 327 3602 de
349 3553 475 3605 Romanis
502 3554 638 3624 intelligia
654 3552 701 3606 sed
726 3555 807 3624 paulo
849 3552 1361 3625 posteatrimestrisbeneficioejosdem3

293 3631 473 3684 obscuriorest
480 3634 573 3685 oratio
579 3632 699 3687 Fortasse
706 3632 807 3703 ahquid
849 3644 939 3687 tamen
955 3635 1007 3686 fuit
1021 3652 1090 3687 uuus
1101 3652 1134 3685 ex
1148 3634 1363 3707 interfectoribus

293 3712 444 3763 mutilatum
455 3712 675 3765 estalrbrarus
686 3713 805 3767 Nihilu
849 3715 922 3785 ejus3
937 3712 1084 3784 eodemque
1103 3732 1175 3765 anno
1181 3732 1257 3784 ,quo
1274 3714 1362 3765 Cesar

293 3790 311 3843 l.
324 3784 475 3845 mutilatum
487 3792 602 3845 videtur.
613 3791 806 3845 Dicitmodum
849 3812 930 3846 caesus
941 3805 982 3845 est
987 3793 1128 3863 ‚Smyrnae
1140 3813 1155 3846 a
1166 3793 1302 3845 Dolabella
1310 3792 1361 3844 luit

293 3872 426 3964 eqrrestris
441 3872 541 3942 praelii,
554 3871 584 3924 id
604 3884 658 3939 est,
673 3873 806 3925 rationem
849 3875 958 3927 occurro.
1362 3867 1368 3876 ⁵

293 3968 345 4020 qua
366 3951 467 4021 equites
489 3952 611 4005 Britanni
636 3953 811 4023 pugnabunt,
890 3953 917 4005 3.
934 3953 979 4005 uu
990 3954 1059 4004 ub'
1036 3957 1113 4023 signis
1128 3952 1361 4023 kgioor'busqueoou

293 4025 365 4081 idern
380 4031 529 4101 periculum
544 4032 643 4085 inferre
659 4034 805 4100 Romanis,
848 4032 995 4084 absisterent.
1010 4033 1059 4085 Uti
1074 4033 1156 4104 signis
1169 4046 1196 4084 et
1214 4031 1361 4103 legionibus

292 4126 338 4163 sen
351 4105 506 4171 ii(Barbari
520 4108 593 4177 scil.)
606 4110 745 4178 cederent,
758 4132 812 4166 seu.
848 4112 1015 4178 insisterent,
1027 4131 1113 4184 prope
1124 4123 1232 4165 starem.

292 4188 509 4258 meoquerbntm3
522 4203 549 4246 et
563 4212 626 4259 cur,
641 4212 727 4265 quove
745 4211 804 4245 ruo·
890 4199 918 4257 4.
934 4193 1032 4263 Quoad.
1046 4190 1080 4246 ld
1091 4204 1145 4257 est,
1160 4190 1252 4246 donec.
