3000 5034
268 492 345 590 410
413 502 451 573 c.
479 501 626 572 sumt
654 477 897 574 casaris
924 500 1205 573 conrnune.

320 639 348 704 l.
365 636 469 705 Omni
480 633 588 705 Gallia
595 632 727 705 devicta
738 633 762 723 ¹,
781 636 894 706 Cesar
903 650 1008 729 quum
1018 635 1189 729 superiore
1205 628 1343 703 aestate²

266 740 395 813 nullum
417 740 562 811 bellandi
579 756 711 836 tempus
735 742 978 829 intermisisset,
990 739 1174 837 militesque
1191 740 1347 810 hiberno·

267 873 343 919 rum
367 851 477 945 quiete
498 846 635 919 reficere
656 872 677 917 a
699 850 799 919 tantis·
827 848 996 919 laboribus
1018 846 1134 935 vellet3
1155 846 1346 942 complures

266 955 386 1026 eodem
406 970 559 1051 tempore
586 957 737 1025 civitates
759 960 922 1053 renovare
950 953 1027 1025 belli
1055 953 1191 1024 consilia
1213 955 1346 1022 nuntia-

267 1063 406 1151 bantur,
419 1055 731 1157 'conjurationesque
741 1060 860 1133 facere.
871 1062 976 1155 Cujus
989 1062 1037 1131 rei
1049 1060 1233 1130 verisimilis
1246 1082 1349 1130 causa

268 1168 490 1257 afferebatur,
511 1169 603 1264 quod
623 1167 728 1239 Gallis
745 1170 901 1239 omnibus
924 1170 1096 1263 cognitum
1114 1181 1218 1255 esset,
1239 1191 1348 1261 neque

268 1273 336 1345 ulla
350 1275 578 1365 multitudine,
597 1278 631 1345 in
648 1301 754 1345 unum
773 1275 884 1346 locum
898 1274 1032 1364 coacta,
1045 1277 1152 1344 resisti
1165 1298 1263 1370 posse
1278 1275 1347 1343 Ro·
1365 1320 1366 1323 =

269 1368 417 1470 manis³3
437 1406 517 1471 nec,
536 1386 563 1451 si
580 1383 711 1453 diversa
733 1381 820 1453 bella
842 1381 1032 1478 complures
1053 1382 1171 1451 eodem
1195 1396 1349 1476 tempore

269 1476 614 1578 inissent⁴'civitates,
634 1490 713 1559 satis
735 1488 866 1578 auxilii,
886 1504 945 1559 aut
961 1491 1075 1584 spatii,
1094 1502 1152 1557 aut
1174 1488 1348 1583 copiarum

269 1596 463 1666 habiturum
472 1598 653 1666 exercitum
665 1595 781 1692 populi
790 1598 921 1666 romani
930 1595 971 1664 ad
983 1597 1095 1666 omnia
1105 1592 1349 1691 persequendae

271 1726 339 1772 non
361 1725 432 1773 esse
444 1717 557 1773 autem
575 1702 674 1774 alicui
694 1705 819 1773 civitati
833 1718 957 1773 sortem
974 1702 1179 1772 incommodi
1194 1724 1350 1769 recusan-

271 1807 360 1896 dam,
373 1812 401 1878 si
409 1796 583 1879 talimora⁵
592 1810 727 1905 reliquae
735 1824 872 1905 possent
883 1834 917 1879 se
925 1809 1094 1879 vindicare
1103 1810 1138 1876 in
1150 1807 1348 1877 libertatem.

324 1917 369 1983 Π.
398 1918 486 2005 Quae
515 1937 559 1985 ne
586 1918 699 2011 opinio
730 1914 906 1986 Gallorum
934 1914 1207 2002 confirmaretur,
1238 1916 1352 1982 Caesar

272 2022 321 2090 M.
350 2023 534 2091 Antonium
561 2038 761 2116 quaestorem
787 2025 853 2091 suis
878 2021 1046 2118 praefecit1
1065 2021 1239 2091 hibernis:
1263 2021 1352 2115 ipse,

273 2151 352 2196 cum
374 2130 539 2222 equitatus
569 2129 722 2224 praesidio
751 2129 858 2225 pridie
878 2128 942 2199 kal.
967 2130 1141 2198 lanuarias
1162 2128 1205 2197 ab
1226 2125 1353 2220 oppido

273 2233 427 2303 bibracte
441 2235 664 2330 proficiscitur
677 2236 719 2305 ad
738 2238 920 2331 Legionem
938 2258 1003 2305 x111
1015 2232 1039 2323 ²,
1053 2260 1153 2330 quam
1172 2258 1241 2302 non
1254 2232 1353 2328 longe

275 2339 443 2410 afinibus
468 2341 654 2411 AEduomm
685 2341 908 2413 collocaverat
936 2344 970 2410 in
998 2342 1120 2411 linibus
1144 2341 1354 2434 Biturigum,

275 2447 371 2541 eique
398 2447 548 2543 adjungit
575 2449 739 2544 legionem
767 2474 913 2545 x1,quae
940 2450 1093 2544 proxima
1114 2449 1232 2518 suerat.
1263 2448 1354 2516 Binis

317 2630 383 2686 Car.
397 2632 421 2685 Ι.
445 2648 469 2685 1.
492 2632 569 2685 Omni
585 2632 671 2687 Gallia
688 2634 790 2687 devera.
835 2630 914 2686 detur
936 2634 994 2685 haec
1013 2632 1155 2705 explicatio
1172 2650 1179 2685 :
1194 2650 1278 2704 qnare
1298 2649 1354 2684 aer-

276 2710 355 2763 Anno
370 2710 445 2764 urbis
456 2711 571 2765 conditae
585 2730 688 2777 nccrn,
698 2712 791 2765 Servio
835 2710 922 2766 rande
928 2725 967 2765 est
973 2713 1052 2765 lectio
1060 2712 1181 2784 vulgata,
1190 2712 1232 2765 vel
1242 2708 1354 2765 aioodd.

276 2789 392 2861 sulpitio
405 2792 438 2856 Q.
452 2791 482 2844 F.
497 2792 666 2857 Rnf0,etM.
677 2790 792 2849 Claudio
835 2792 977 2845 lectionem
997 2790 1175 2847 revocandam
1202 2790 1353 2857 censueris,

277 2869 316 2923 M.
329 2870 359 2923 F.
370 2870 499 2925 Marcello
509 2872 670 2925 consulibus.
835 2872 970 2943 oportebit
981 2873 1126 2945 legerense
1134 2870 1357 2925 somnusue·

321 2968 346 3001 a.
366 2949 494 3019 Superiore
513 2963 604 3004 oestate.
620 2951 682 3003 Non
705 2952 792 3005 solum
835 2950 902 3005 cidit
916 2952 985 3005 forte
997 2953 1102 3005 incuria
1115 2952 1299 3005 librariorum.

279 3028 313 3080 ab
326 3040 414 3081 estate
426 3030 489 3083 anni
507 3050 562 3101 702
573 3069 581 3097 ,
593 3029 640 3083 sed
656 3042 683 3083 et
696 3031 730 3083 ab
744 3050 792 3083 ωε·
876 3038 903 3095 4.
911 3031 1022 3085 laurent.
1030 3032 1211 3087 Inchoasaent.
1219 3031 1355 3097 Albium

278 3118 332 3161 tate
345 3109 408 3161 anni
423 3110 568 3181 superioris
582 3129 662 3165 :nam
675 3109 793 3164 vidimus
837 3110 926 3165 iurent.
947 3112 970 3163 E
986 3111 1087 3184 glossa,
1102 3124 1134 3165 ut
1145 3111 1282 3165 affirmant
1297 3111 1355 3163 On·

278 3186 370 3254 l,r11,
385 3206 409 3241 c.
431 3192 556 3260 8-19,
578 3190 680 3243 bellum
700 3204 793 3244 contra
836 3188 917 3245 dend.
926 3203 953 3244 et
960 3191 1052 3245 Oberl.
1061 3194 1143 3246 Recte
1150 3204 1240 3245 tamen
1254 3188 1356 3245 dicitur

278 3267 526 3341 Vercingetorigem
537 3283 565 3324 et
582 3272 717 3324 Arvernos
737 3290 793 3323 non
837 3272 924 3339 inferre
933 3271 1028 3325 bellurn.

278 3346 358 3401 inisse
373 3350 561 3404 intermissum.
580 3350 652 3404 Male
670 3350 794 3404 nonnulli
879 3351 905 3405 ⁵.
919 3348 1356 3424 Talr'mora.Exspeetando,donee

279 3424 793 3501 delentprapositionem.ddeatinnoa·
836 3429 1356 3502 compluresexercitus,divereisinlocir

277 3507 327 3559 tris
340 3506 419 3562 codd.
429 3547 438 3575 ,
449 3522 476 3563 et
485 3511 630 3565 necessaria
642 3523 691 3564 eat.
837 3508 962 3564 adversus
967 3512 1356 3589 Romanosbellantea,eoaaen·

321 3588 347 3641 3.
357 3589 447 3641 desisti
453 3609 526 3661 posse
539 3591 663 3643 Romanis.
671 3588 795 3643 Heclec·
837 3591 887 3644 sim
900 3589 1090 3645 debilitassent.
1104 3592 1143 3645 M.
1153 3588 1233 3644 Haud
1243 3591 1356 3645 malesa-

281 3666 792 3724 tioeatemendatiorecentiorummam
837 3690 904 3723 num
912 3683 984 3724 certe
993 3671 1181 3738 eonsilium,si
1190 3668 1220 3724 id
1231 3668 1356 3723 unanimi

279 3744 358 3801 codd.
368 3749 424 3802 fere
431 3768 523 3803 omnes
532 3750 633 3803 babent
639 3752 718 3801 restiti
723 3769 794 3819 posse
836 3768 966 3804 consensu
979 3752 1053 3823 sequi
1065 3752 1212 3805 voluissent
1224 3750 1313 3817 Galli3
1329 3761 1356 3802 at

281 3827 429 3884 allemanie.
440 3830 475 3882 Et
483 3830 602 3902 phrasim
609 3842 692 3883 totam
703 3830 740 3881 ita
750 3829 793 3881 in-
837 3842 891 3883 tem
911 3830 1045 3903 praeclaro
1066 3831 1178 3885 omnino
1195 3832 1284 3903 impar
1299 3840 1356 3885 erat

281 3917 443 3981 terpretatur
450 3910 573 3965 Clarkins
584 3929 592 3963 z
604 3910 794 3963 Romanorne·
836 3908 986 3965 eoncordia
995 3924 1085 3965 nostra
1097 3911 1192 3965 Gallia.

280 4006 347 4059 que,
357 3990 385 4041 in
398 4009 482 4043 unum
498 3994 587 4043 coactis
601 3990 701 4075 copiis,
715 3990 793 4043 resis-
876 3990 942 4045 Car.
956 3990 993 4045 11.
1010 4010 1035 4045 r.
1049 3991 1173 4061 Profecit.
1183 3991 1225 4045 nl.
1237 3988 1350 4063 proeficr't.

280 4078 480 4141 tereposaetam
488 4072 568 4123 multis
576 4070 791 4142 inlectumque,
879 4091 904 4125 a.
919 4072 1049 4141 Legionem
1061 4072 1143 4126 XIII.
1158 4069 1246 4125 Codd.
1262 4088 1353 4123 omnes

279 4146 361 4200 divtiis
376 4150 460 4222 copiis
479 4152 601 4205 resistere
617 4170 695 4224 posse
714 4163 794 4204 tanta
838 4150 905 4205 XII.
925 4151 1023 4204 Errore
1044 4151 1163 4219 librarii,
1185 4165 1215 4207 ut
1233 4161 1308 4223 patet
1322 4166 1354 4203 ex

280 4228 455 4284 multitudini.
471 4233 507 4284 At
521 4245 643 4287 contorta
657 4232 737 4285 nimia
754 4231 794 4284 vi·
838 4250 896 4304 cap.
904 4232 940 4307 ..Π
953 4232 1033 4303 hujus
1045 4230 1116 4286 libri.
