3000 5034
449 444 844 513 nrsssnrsrro.
985 458 988 465 ⁴
1115 444 1191 543 399

118 592 188 647 erat
207 576 244 647 in
266 575 395 664 Gallia,
412 578 440 647 si
460 576 595 671 quidem
612 600 655 649 ex
671 575 818 671 epistolis
837 602 856 645 a
876 578 1038 649 Cicerone
1059 604 1193 651 conser-

117 687 200 754 vatis
213 682 312 753 liceat
325 683 367 753 de
382 682 515 778 reliquis
528 685 693 778 augurari.
714 686 875 779 Spectant
890 686 976 755 enim
993 684 1055 755 illae
1070 688 1112 757 ad
1126 692 1194 784 pri-

94 851 97 855 .
117 816 170 859 ma
190 789 270 860 belli
292 789 397 860 civilis
417 791 517 859 initia.
541 794 594 859 Ex
614 791 666 859 his
686 792 789 885 igitur
809 790 955 886 epistolis
981 793 1023 861 ad
1045 796 1194 889 Oppium

6 985 13 997 .
116 897 201 967 datis
220 922 334 967 rerum
354 912 522 992 gestarum
544 899 722 969 memorias
743 899 894 992 accipere
920 901 1051 992 potuit,
1072 904 1102 969 si
1121 905 1194 995 quis

113 1003 225 1097 junior
243 1006 346 1099 Oppii
364 1006 499 1073 nomine
522 1002 624 1074 libros
643 1003 805 1075 edidisset.
824 1008 875 1073 Ita
893 1005 969 1093 fret,
984 1020 1023 1075 ut
1040 1010 1113 1101 pari
1129 1008 1194 1080 fide

115 1110 224 1204 dignae
236 1114 303 1181 sint
314 1134 427 1181 rerum
441 1126 610 1205 gestarum
624 1113 849 1199 narrationes,
863 1120 924 1181 seu'
935 1112 998 1183 hos
1010 1112 1112 1187 libros
1125 1116 1196 1209 ipse

116 1221 259 1286 exararit
281 1220 435 1312 Oppius,
454 1241 513 1285 seu
531 1217 645 1310 junior
666 1219 780 1312 Oppio
801 1217 964 1312 quispiam
986 1218 1156 1315 collegerit
1177 1247 1195 1291 e

116 1325 257 1393 Caesaris
266 1322 414 1419 epistolis
433 1326 545 1419 Oppio
557 1326 724 1419 inscriptis
735 1340 835 1418 atque
844 1324 957 1395 Balbo.
970 1328 1070 1396 Certe
1082 1330 1195 1421 Oppio

115 1456 167 1498 res
195 1432 336 1500 Caesaris
356 1433 457 1502 etiam
484 1454 622 1502 arcanas
643 1431 743 1501 luisse
765 1430 1067 1526 exploratissimas,
1089 1454 1130 1502 ex
1156 1459 1196 1502 eo

116 1534 200 1606 libro
223 1536 414 1631 colligitur,
431 1560 530 1631 qoem
551 1539 720 1631 scripsisse
738 1551 880 1608 testatur
907 1540 1056 1632 Oppium
1079 1542 1196 1609 Sueto-

116 1644 207 1730 niuS,
221 1643 286 1713 Jul.
308 1668 380 1738 cap.
403 1641 465 1731 52,
485 1659 524 1713 ut
541 1645 701 1738 probaret
717 1668 786 1713 non
805 1644 906 1713 fuisse
920 1646 1060 1715 Caesaris
1073 1645 1199 1733 filiurn,
1247 1690 1249 1702 ·

116 1774 216 1843 quem
238 1751 360 1820 dixerit
383 1750 591 1845 Cleopatra,
613 1776 734 1845 nempe
755 1753 988 1821 Cesarionenr.
1013 1754 1126 1824 Minus
1148 1767 1197 1821 ta·

117 1882 194 1925 men
212 1856 480 1928 idoneussuisset
492 1860 624 1953 Oppius
646 1858 689 1927 ad
710 1858 923 1929 scribendrun
944 1856 986 1927 de
1007 1859 1073 1927 hoc
1100 1884 1198 1952 argu-

60 2041 68 2051 ·
117 1979 251 2051 mento,
265 1966 292 2033 si
306 1966 377 2058 ipse
393 1989 526 2058 quoque
546 1963 635 2035 bello
652 1964 877 2035 Alexandrino
896 1990 965 2056 non
985 1966 1199 2036 interfuisset.

68 2078 71 2080 ’
118 2069 239 2139 Melius
260 2095 343 2165 ergo
364 2072 429 2143 hac
451 2072 494 2141 de
515 2096 618 2143 causa
638 2074 785 2143 Hirtium
807 2072 907 2165 hujus
928 2070 1062 2167 Prologi
1084 2088 1199 2143 aueto-

117 2202 187 2245 rem
203 2178 473 2249 existimabimus.
490 2180 594 2277 Oppii
607 2179 695 2247 onim
709 2180 900 2249 testimonio
914 2177 955 2247 de
970 2177 1039 2247 lilio
1060 2181 1200 2248 Caesaris

118 2285 291 2379 pugnabat
304 2285 403 2353 etiarn
417 2286 598 2373 Antonius,
614 2286 671 2353 vix
684 2287 834 2377 itacerto
848 2285 1088 2372 facturus,nisi
1102 2285 1200 2353 Alex-
1300 2319 1301 2322 π
1392 2380 1396 2391 ῃ

64 2464 67 2473 ,
118 2389 243 2459 andriae
265 2416 342 2460 cunr
365 2394 497 2461 Caesare
514 2391 682 2463 adfuisset
696 2393 819 2461 Nescio
837 2393 955 2478 etiam,
969 2416 1014 2459 an
1028 2391 1083 2460 hio
1101 2391 1202 2460 fuerit

118 2498 250 2591 Oppius
272 2497 424 2591 legatus,
445 2499 539 2591 cujus
558 2500 684 2585 mentio
704 2500 741 2567 in
758 2496 851 2567 bello.
865 2496 1041 2582 Africano,
1055 2496 1198 2591 capti&

52 2613 54 2616 ’
117 2606 162 2673 Et
184 2619 275 2673 certe
299 2607 409 2674 Hirtio
431 2608 536 2699 magis
558 2605 650 2675 lavet
672 2606 742 2700 ipse
770 2605 973 2691 Suetonius,
993 2602 1074 2672 dum
1101 2605 1214 2673 Hirtii¹

118 2714 253 2780 nomine
273 2712 378 2781 verba
389 2736 431 2782 ex
443 2710 500 2781 illo
514 2714 588 2807 ipso
601 2712 745 2783 advocat
766 2710 929 2805 Prologo,
944 2734 1018 2805 quae
1035 2708 1202 2804 hodieque

118 2818 163 2887 ibi
175 2819 397 2912 reperiuntur.

118 3028 215 3100 Idem
232 3044 358 3097 auctor·
370 3027 532 3099 librorum
550 3034 761 3123 sequentium
772 3028 919 3101 debello
935 3030 1198 3117 Alexandrum,
1278 3052 1281 3061 ·

262 3136 376 3226 Afric.
383 3190 394 3222 ,
415 3140 540 3231 Hispa,
554 3136 620 3205 sed
622 3147 711 3231 post
724 3138 875 3205 Caesaris
888 3152 1039 3205 mortem.

171 3351 229 3417 Sic
250 3373 333 3441 ergo
352 3372 426 3435 res,
446 3350 481 3415 ni
504 3344 625 3433 fallor,¹
642 3323 807 3416 habuerit.
827 3348 957 3417 Primus
980 3361 1098 3415 auctor
1116 3372 1199 3441 praes

5 3486 13 3501 ·
118 3456 199 3525 dicti
221 3454 373 3549 prologi,
388 3456 446 3549 qui
460 3456 601 3529 Caesaris
624 3455 748 3547 scripta
769 3451 904 3546 digessit
923 3455 1104 3547 pariterue
1122 3480 1200 3550 sup·

119 3560 242 3657 plevit,
265 3587 334 3632 nou
356 3563 488 3656 Oppius
510 3560 629 3649 luerit,
650 3559 711 3629 sed·
729 3560 884 3647 Hirtius,
901 3562 959 3653 qui
982 3559 1122 3654 proinde
1140 3562 1200 3631 ibi·

119 3669 220 3757 dem,
237 3668 296 3737 ubi
316 3667 458 3756 Balbus,
477 3668 597 3758 fuerit,
613 3666 703 3762 quod
722 3666 861 3739 assiduis
878 3664 963 3737 illius
981 3690 1051 3735 non
1066 3664 1201 3753 litteris,

119 3776 179 3847 sed
190 3776 329 3846 vocibus
343 3790 496 3864 coactus,
508 3800 594 3845 onus
608 3774 692 3846 illud
704 3772 869 3845 scribendi
883 3775 1074 3870 susceperit.
1090 3776 1201 3869 Sorip·

120 3885 164 3953 sit
174 3908 258 3977 ergo
273 3885 400 3952 Hirtius
416 3881 597 3976 Prologurn
610 3881 654 3952 ad
672 3884 817 3951 amicum
837 3884 994 3977 Caesaris,
1004 3871 1201 3951 Cornelium

121 3988 263 4059 Balbum
282 3990 487 4062 Gaditanum
504 3990 713 4061 ditissimum.
728 3992 773 4059 Et
788 3991 822 4059 in
837 3988 978 4084 prologo
997 4004 1200 4057 commenta·

122 4099 191 4167 rios
209 4122 229 4165 a
244 4122 282 4167 se
300 4099 442 4192 scriptos
466 4099 625 4190 supponit
646 4122 759 4168 rerum
780 4111 948 4189 gestarum
970 4094 1110 4190 Calliae,
1132 4120 1202 4165 non
