3000 5034
283 476 356 547 DE
383 472 559 543 BELLO
586 471 836 541 GALLICO.
865 468 961 541 LIB.
988 475 1015 541 Ι.
1142 474 1193 546 63

8 662 10 701 ᾗ
110 634 231 680 manos
265 632 446 706 superare,
464 608 492 675 si
517 620 594 675 ante
622 629 745 674 novam
774 604 889 674 lunam
914 604 1030 701 praelio
1053 622 1195 677 conten·

8 706 10 733 ¹
110 718 247 787 dissent.

8 818 9 821 ¹
162 826 222 894 LI.
241 822 406 893 Postridie
419 822 491 915 ejus
506 818 571 889 diei
585 818 866 914 Cesarpraesidio
877 817 887 843 ¹
900 821 1049 915 utrisque
1064 825 1196 912 castris,

113 932 202 1027 quod
217 932 300 1001 satis
312 954 385 999 esse
398 930 507 997 risum
521 942 591 1017 est,
607 926 738 1022 reliquit
750 954 761 1016 3
773 952 890 995 omnes
906 924 1047 997 alarios²
1063 917 1099 998 in
1115 955 1196 999 eon-

114 1054 232 1133 spectu
262 1038 414 1107 hostium
442 1060 505 1131 pro
533 1036 650 1122 castris
680 1034 865 1103 minoribus
896 1038 1087 1123 constituit,
1107 1037 1198 1132 quod

76 1218 82 1233 ,
115 1148 223 1215 minus
250 1142 464 1213 multitudine
492 1141 636 1211 militum
665 1140 924 1236 legionariorum
958 1168 1021 1237 pro
1051 1143 1198 1213 hostium

115 1276 255 1321 numero
283 1249 437 1339 valebat,
454 1264 492 1319 ut
521 1249 564 1319 ad
593 1234 759 1345 speciem³
779 1248 887 1317 alariis
913 1264 1073 1319 uteretur.
1100 1255 1198 1345 Ipse,

115 1358 237 1454 triplici
262 1361 427 1427 instructa
451 1359 541 1444 acie,
555 1380 660 1449 usque
682 1356 725 1424 ad
747 1371 857 1424 castra
877 1356 1023 1425 hostium
1048 1361 1209 1452 accessit.

115 1469 199 1535 Tum
213 1465 352 1535 demum
363 1466 549 1533 necessario
559 1464 719 1532 Germani
733 1486 810 1531 suas
822 1464 936 1556 copias
952 1466 1068 1532 castris
1081 1464 1199 1535 edura·

116 1587 213 1660 runt,
232 1556 505 1666 generatimque‘l
523 1570 998 1662 constituerunt,paribusque
1017 1571 1198 1642 intervallis

117 1678 289 1766 Harudes,
300 1680 562 1747 Marcomannos
573 1730 583 1765 ,
596 1678 777 1745 Triboccos
785 1729 795 1763 ‚
803 1677 995 1770 Vangiones
1005 1730 1014 1764 ,
1023 1678 1197 1765 Nemetes,

116 1786 291 1873 Sedusios‚
304 1788 450 1873 Suevos3
465 1808 665 1877 omnemque
676 1785 782 1852 aciem
794 1807 889 1852 suam
901 1782 1013 1851 rhedis
1026 1798 1061 1853 et
1073 1772 1197 1855 carris⁵

115 1892 426 1979 circumdederunt,
442 1916 485 1959 ne
507 1916 574 1986 qua
595 1915 670 1989 spes
698 1892 732 1957 in
763 1889 843 1985 fuga
870 1889 1121 1985 relinqueretur.
1146 1896 1198 1962 Eo

115 1998 271 2069 mulieres
291 2001 545 2095 imposuerunt,
560 2022 634 2092 quae
655 1999 690 2067 in
701 1996 852 2093 praelium
870 1998 1119 2092 proficiscentes
1137 2002 1198 2068 mi·

116 2091 209 2177 lites⁶
227 2108 334 2202 passis
350 2104 525 2175 manibus⁷
545 2106 662 2175 flentes
680 2104 924 2200 implorabant,
936 2130 978 2173 ue
997 2108 1083 2175 sein
1101 2109 1199 2176 servi·

116 2228 221 2283 tutem
239 2215 403 2284 Romanis
421 2212 600 2281 traderent.

115 2406 204 2459 Graeoi
212 2406 346 2459 immunes
354 2424 410 2458 non
418 2406 540 2458 fuerunt:
551 2404 634 2475 siqui·
679 2404 840 2473 singulatim.
853 2404 938 2458 Graec.
951 2405 1063 2478 interpr.
1074 2407 1142 2459 κατὰ
1155 2428 1198 2479 pu·

116 2486 177 2538 dem
198 2499 257 2539 erat
278 2486 307 2539 in
328 2487 446 2559 Lycurgi
461 2486 580 2557 legibus,
601 2502 635 2536 ne
678 2485 732 2543 λάς.
746 2484 788 2535 Ita
802 2503 844 2555 ap.
860 2484 970 2537 Homer.
985 2486 1018 2538 n.
1034 2488 1071 2544 Β,
1089 2505 1115 2540 v.
1131 2488 1198 2555 362,

117 2580 176 2619 ente
191 2566 374 2639 plenilunium
384 2586 446 2618 oum
454 2566 574 2618 exercitu
582 2565 637 2616 exi·
679 2562 747 2615 κατὰ
754 2570 817 2633 φῦλα
824 2576 851 2615 et
858 2564 925 2617 κατὰ
937 2565 1043 2636 φρήτρας
1053 2606 1061 2629 ,
1070 2578 1109 2618 est
1119 2586 1199 2638 gene·

8 2646 10 2651 ’
87 2674 93 2689 ·
116 2659 183 2700 rent.
202 2648 350 2718 Propterea
371 2658 460 2699 autem
481 2645 637 2717 properarit
680 2644 767 2697 ratim.
781 2644 902 2697 Oberlin.
916 2645 945 2696 in
961 2644 1137 2699 indioeverh.

116 2746 236 2799 pugnare
251 2728 394 2792 Caesar‚ut
409 2737 483 2779 notat
497 2726 636 2791 Frontin,
723 2724 749 2777 5.
759 2725 850 2776 unda
862 2737 887 2776 et
899 2730 974 2777 canas
986 2727 1198 2783 circumdederunt.

117 2820 147 2859 ut
161 2808 219 2860 acie
232 2808 389 2872 commissa,
401 2807 532 2877 religione
547 2807 636 2858 hostes
680 2805 794 2869 Quintil.
809 2824 834 2872 1,
850 2806 865 2858 5
878 2806 921 2858 vel
936 2826 962 2875 9.
974 2807 1086 2859 Pharima
1099 2807 1199 2864 Gallica

117 2886 271 2959 impediret.
291 2886 335 2944 Sic
348 2888 528 2958 Vespasianus
543 2887 636 2939 sabba·
680 2880 838 2950 (vocabula)
854 2888 996 2949 ualuemnt,
1016 2900 1046 2939 ut
1060 2887 1154 2942 Rheda
1169 2906 1201 2941 as

119 2979 207 3020 torum
223 2966 269 3020 die
284 2966 393 3020 Judaeos
408 2966 481 3019 vicit.
496 2966 568 3019 Gon.
680 2965 844 3032 Petoritum3
857 2987 956 3039 quonam
968 2968 1044 3019 altero
1062 2969 1146 3021 Cicero
1160 2983 1198 3021 ta·

157 3049 223 3101 Csr.
234 3049 281 3101 LI.
302 3066 327 3101 r.
344 3047 472 3099 Praesidio.
487 3046 540 3098 Alii
552 3050 638 3116 proesi·
681 3066 749 3109 men,
772 3048 849 3098 altero
869 3048 989 3099 Horatius
1011 3052 1095 3102 utitur.
1119 3050 1199 3103 Carra

119 3127 191 3181 hum.
208 3128 264 3180 Alii
273 3128 420 3197 praesidro...
431 3117 521 3179 relicto.
682 3140 787 3192 autem,
801 3129 922 3181 neutrius
937 3130 1057 3200 generis,
1074 3130 1199 3201 gallicum

159 3228 185 3261 a.
210 3208 321 3260 Atat-tos.
339 3208 394 3260 Alae
413 3226 445 3259 ex
471 3206 548 3259 sociis
572 3224 636 3259 con·
681 3209 969 3278 quoquevocahulum.

121 3290 238 3354 stabant,
255 3300 281 3341 et
297 3288 412 3339 maxima
428 3308 459 3340 ex
474 3298 550 3358 parte
565 3288 638 3357 equi·
723 3291 749 3340 6.
760 3288 860 3340 Milites.
870 3288 991 3340 Amultis
997 3288 1074 3342 libris
1083 3290 1165 3355 abest,
1172 3302 1199 3343 et

122 3368 203 3434 tibus,
213 3369 251 3421 ita
260 3367 337 3421 dictae
347 3408 355 3433 ,
364 3368 524 3440 quadrimum
534 3368 638 3437 legiones
680 3366 768 3437 reipsa
782 3378 885 3419 servato
901 3386 980 3419 sensu
997 3381 1085 3438 potest
1100 3370 1198 3423 abesse.

122 3448 204 3499 dextra
228 3452 390 3521 sinistraque,
410 3462 522 3521 tanquam
543 3448 590 3499 αἶα
613 3452 638 3498 r'n
723 3465 749 3516 7.
769 3447 892 3499 Manibus.
912 3445 999 3500 codd.
1015 3448 1136 3519 plerique
1150 3450 1199 3502 ha·

122 3533 196 3581 acuam
206 3531 354 3599 corporibus,
362 3529 515 3591 locabantum
524 3541 553 3580 ut
560 3525 639 3579 docet
681 3526 745 3578 hent
758 3526 810 3591 ita;
824 3539 850 3579 et
861 3544 937 3597 graec.
953 3528 1065 3599 interpr.
1079 3529 1131 3589 Τὰς
1145 3532 1198 3598 χεῖ·
1306 3521 1308 3526 ’

123 3608 187 3662 Gell.
202 3610 237 3663 N.
253 3611 307 3663 Att.
325 3628 388 3675 xvr,
406 3608 499 3673 svid.
514 3610 586 3680 Lips.
604 3606 638 3659 de
681 3624 724 3673 ρας
741 3609 801 3678 πρὸς
819 3608 876 3668 τοὺς
892 3607 1033 3678 <parturus
1048 3609 1198 3679 ὀρεγόμεναῑ,

123 3687 197 3742 Mitis.
211 3691 291 3741 Rom.
307 3690 326 3741 l.
343 3708 383 3755 rr,
399 3708 422 3742 o.
441 3708 467 3759 7.
483 3690 551 3743 Dav.
681 3687 762 3739 Bene.
771 3687 867 3740 Manus
875 3686 1199 3760 tendebantinrogatione

161 3769 186 3823 3.
208 3770 244 3821 Ut
263 3770 299 3821 ad
315 3773 422 3841 speciem.
439 3770 509 3835 Quin
533 3767 637 3834 alariis,
681 3768 766 3819 veniae
785 3780 812 3819 et
832 3769 913 3840 pacis.
930 3769 1061 3841 Vulgat,
1085 3770 1197 3823 crinibus.

125 3848 167 3917 qui
180 3849 324 3903 maximam
337 3862 441 3920 partem
457 3850 527 3902 Galli
547 3860 637 3915 erant,
682 3846 744 3899 Non
763 3850 831 3900 male
851 3867 974 3920 quoque;
989 3868 1052 3901 nam
1074 3850 1199 3920 frequen·

125 3945 215 3997 parum
226 3928 638 4000 fidebat,noluithaberelegio-
682 3927 781 3981 tissime
806 3930 843 3981 ita
868 3928 1055 3982 describuntur
1076 3930 1200 3983 mulieres

125 4009 200 4061 uariis
217 4008 370 4075 immixtos,
383 4007 430 4061 sed
443 4010 595 4079 proximos,
611 4020 638 4061 et
682 4008 711 4060 in
728 4008 810 4063 luctu.
826 4010 978 4082 Utrumque
998 4010 1120 4082 jungitur
1134 4009 1198 4065 infr.

127 4086 636 4161 adspeciemtantum,pour·sairemontre.
681 4089 699 4141 l.
724 4108 782 4153 rrr,
806 4092 859 4155 48;
879 4102 906 4143 et
927 4091 1016 4143 forsan
1040 4091 1068 4143 h.
1084 4091 1103 4144 l.
1122 4091 1198 4163 jungi

162 4176 187 4234 4.
214 4170 366 4225 Generatim.
392 4170 443 4222 Per
466 4182 571 4242 gentes,
592 4188 639 4243 seu
682 4167 790 4222 debent.
805 4169 1044 4229 Exnostrisoodd.
1052 4177 1135 4243 passis
1147 4188 1199 4223 rna·

126 4250 250 4319 nationes,
258 4250 371 4321 singule
382 4262 472 4321 gentes
484 4242 640 4308 cenationes
684 4250 753 4303 nibus
767 4251 879 4304 restitui.
