3000 5034
307 451 380 538 oa
413 467 582 537 nanno
616 466 868 536 cantico.
895 467 991 535 mu
1019 467 1050 532 1.
1184 487 1211 560 9

140 599 273 689 civitas,
292 601 340 670 ob
367 625 442 670 eam
468 625 538 668 rem
566 598 724 688 incitata,
744 600 844 668 armis
868 599 924 692 jus
954 622 1051 668 suum
1078 599 1213 690 exsequi

140 722 326 798 conaretur,
332 706 645 801 multitudinemque
657 706 832 775 hominurn
844 731 886 774 ex
899 707 987 800 agris
1000 705 1214 797 magistratus

111 861 116 868 -
140 829 319 907 cogerent,
342 815 523 910 Orgetorix
548 828 701 882 mortuus
722 827 773 882 est
786 838 794 880 ε
808 837 916 906 neque
936 811 1032 880 abest
1051 809 1213 904 suspicio,

141 933 175 986 ut
204 920 350 990 Helvetii
384 919 613 1008 arbitrantur²
631 922 710 1014 quin
731 921 803 1013 ipse
829 920 891 987 sihi
916 933 1058 986 mortem
1084 916 1212 986 consci-

141 1041 229 1096 verit.
939 1053 942 1060 ·

188 1135 230 1202 V.
254 1135 336 1202 Post
363 1135 433 1228 ejus
456 1149 601 1204 mortem
623 1131 727 1201 nihilo
755 1134 865 1232 minus
888 1130 1031 1200 Helvetii
1050 1129 1102 1218 id,
1122 1129 1213 1224 quod

140 1242 401 1330 constituerant,
420 1241 530 1310 facere
551 1241 749 1327 conantur¹,
761 1254 800 1308 ut
820 1264 839 1308 e
859 1239 982 1308 finibus
1001 1240 1069 1308 suis
1081 1252 1211 1306 exeant.

139 1345 204 1413 Ubi
223 1345 296 1439 jam
314 1371 349 1415 se
371 1347 414 1415 ad
435 1359 516 1418 eam'
528 1373 600 1416 rem
621 1360 758 1442 paratos
779 1369 850 1415 esse
872 1345 1022 1414 arbitrati
1041 1359 1136 1432 sunt,
1150 1369 1212 1438 op·

137 1451 213 1544 pida
235 1477 296 1521 sua
317 1456 430 1523 omnia
449 1479 590 1524 numero
608 1454 651 1522 ad
667 1450 864 1541 duodecimp
875 1454 968 1520 vicos
990 1451 1034 1519 ad
1055 1449 1211 1544 quadrin-

137 1573 271 1651 gentos,
292 1558 418 1654 reliqua
439 1563 571 1655 privata
592 1559 731 1629 aedificia
757 1559 942 1628 incendunt
954 1559 984 1645 ²3
1005 1557 1212 1626 frumentum

136 1689 251 1754 omne,
265 1681 388 1759 praeter
409 1655 524 1762 quod³
543 1691 655 1736 secum
681 1668 847 1761 portaturi
867 1679 977 1753 erant,
990 1665 1210 1752 comburunt,

135 1785 189 1858 ut,
202 1771 342 1840 domum
361 1763 557 1843 reditionis⁴
579 1799 637 1868 spe
662 1772 809 1862 sublata,
824 1772 1006 1867 paratiores
1030 1770 1073 1839 ad
1097 1772 1210 1839 omnia

134 1877 283 1970 pericula
305 1879 477 1950 subeunda
500 1895 611 1950 essent
624 1882 748 1949 :trium
775 1866 965 1949 meusitun⁵
983 1876 1099 1946 molita
1119 1877 1213 1954 ciba<

110 1971 208 2052 ·ria⁶
230 1985 293 2052 sibi
313 1999 483 2082 quemque
499 1987 605 2057 domo'
613 1987 733 2056 efferre
751 1987 879 2080 jubent.
898 1985 1102 2055 Persuadent
1123 1986 1210 2052 Rau·
1247 2049 1254 2057 .

137 2091 219 2160 racis
244 2106 279 2160 et
297 2091 446 2188 Tulingis
467 2110 502 2164 et
526 2095 714 2188 Latobrigis
723 2097 739 2164 '⁷
758 2093 924 2180 finitimis,
936 2094 1003 2180 uti,
1018 2092 1135 2160 eodem
1156 2093 1208 2160 usi

137 2195 290 2286 oonsilio,
304 2199 434 2293 oppidis
456 2203 531 2269 suis·
543 2202 690 2295 vicisque
713 2203 853 2289 exustis,
866 2224 935 2268 una
954 2201 1088 2269 cum'iis
1105 2197 1207 2292 profi-

136 2305 302 2374 ciscantur
316 2331 323 2373 :
337 2309 518 2401 Boiosque‚
532 2310 590 2402 qui
607 2322 699 2378 trans
717 2307 875 2376 Rhenum
891 2304 1162 2394 incoluerant‚et
1173 2307 1218 2377 in-

138 2514 283 2586 Orgeton'ge
292 2521 396 2587 primum
402 2519 549 2581 ducemne,
558 2517 600 2570 ubi
609 2519 649 2569 ille
692 2517 827 2588 Amphitr.
835 2530 884 2570 act.
896 2518 928 2582 Ι,
940 2536 977 2570 sc.
991 2517 1022 2582 3,
1035 2536 1062 2568 v.
1077 2533 1122 2568 nr.
1139 2516 1211 2585 Quid

133 2595 256 2661 affectam
267 2598 402 2668 tyramdis
418 2610 538 2670 suspectus
553 2601 579 2649 iu
593 2617 648 2648 ear·
693 2598 972 2650 caticuminorum
988 2603 1059 2647 rem?
1073 2595 1125 2648 Oa.

131 2693 181 2726 cere
194 2675 257 2727 άέιηι
273 2676 341 2729 obiit.
735 2677 761 2730 5.
782 2679 866 2729 Trium
878 2680 999 2729 meusium.
1011 2674 1210 2747 Oudendorpio

171 2755 237 2807 Can.
247 2756 283 2808 V.
300 2774 324 2808 1.
337 2757 429 2809 Facere
439 2769 564 2810 conantur.
576 2757 648 2812 Hinc
691 2757 777 2829 placet
791 2757 871 2810 lectio
888 2757 1019 2810 vetustiss·
1035 2769 1063 2808 et
1079 2757 1205 2826 integerr.

133 2835 258 2900 ambitio,
269 2835 334 2888 inde
343 2838 481 2892 necessitas
491 2832 574 2909 (supr.
588 2857 646 2909 cap.
690 2836 790 2892 codicis
803 2837 989 2910 Bongarsiani,
1000 2838 1046 2908 qui
1053 2836 1205 2889 habetmen·

134 2911 160 2977 a)
175 2913 208 2966 ad
219 2913 320 2968 bellum
329 2917 464 2970 Helvetios
474 2919 557 2989 magis
567 2937 647 2989 quarn
690 2938 741 2970 sum
749 2960 761 2982 ,
772 2917 846 2989 quod
854 2918 1018 2989 antiquitatis
1026 2918 1122 2988 gratia,
1132 2928 1163 2969 ut
1171 2919 1207 2968 ah

132 2993 296 3066 Orgetorigis
315 2998 457 3050 auctoritas
470 2999 646 3069 pepulerant3
689 2998 746 3070 ipsa
760 2999 870 3052 Casams
882 3018 964 3051 manu
974 3000 1139 3070 profectum,
1148 2992 1206 3048 ani·

130 3091 191 3125 nam
202 3093 235 3127 co
245 3077 545 3143 mortno,nihilomiuus
552 3078 648 3132 oonsu‘·
688 3079 873 3150 plectitur3ita
881 3080 963 3144 mrim,
974 3079 1023 3144 ait,
1037 3077 1205 3131 declinarunt

130 3164 186 3205 tuta
195 3157 281 3222 facem
296 3169 421 3210 conantur.
689 3159 828 3212 Censorin.
838 3160 935 3212 Paulus
941 3161 961 3232 j
971 3178 994 3211 c.
1001 3161 1100 3211 Auson.
1111 3159 1202 3210 Senes.

171 3253 197 3286 a.
217 3235 345 3306 oppida...
358 3238 493 3291 incendunt.
505 3239 540 3290 Et
550 3239 607 3292 haee
618 3251 646 3292 et
676 3239 770 3292 Ovid,
793 3238 909 3310 denique
928 3240 946 3290 l.
968 3258 1037 3304 vm,
1052 3239 1160 3290 Metam
1175 3257 1202 3289 v.

131 3313 179 3365 alia
194 3312 229 3366 de
248 3316 376 3370 Helvetiis
395 3319 546 3372 summatim
565 3320 645 3371 attin·
691 3319 813 3372 toosnis
827 3339 931 3370 numum
946 3323 1048 3389 quiaque
1063 3318 1202 3378 laborestet

131 3393 167 3463 git
178 3394 315 3449 Plutarch.
324 3397 353 3448 in
364 3397 509 3464 casuue.
522 3400 566 3452 18.
577 3399 644 3464 Quae
687 3399 760 3452 Laet.
774 3417 855 3452 earm·
871 3396 905 3450 de
918 3397 1059 3461 Phoenice‚
1070 3417 1097 3449 v.
1116 3415 1161 3464 ²9·

129 3475 422 3610 :allusu
734 3513 1125 3574 antummum
1212 3524 1215 3529 ·

169 3633 195 3685 3.
217 3635 315 3686 Proerer
339 3638 410 3708 quod.
432 3638 573 3709 Eleganter
592 3657 642 3710 pro
686 3637 1059 3711 atexemplah.l.allatanihil
1067 3634 1200 3689 aliudnisi

129 3723 215 3781 proter
229 3715 259 3766 id
272 3716 345 3787 quod.
364 3717 409 3770 Sic
423 3719 454 3771 A.
474 3719 542 3772 Gell.
564 3720 641 3772 Noct.
684 3719 818 3773 licentiam
826 3719 1095 3791 poeticamprohant3
1106 3715 1200 3788 quade
1298 3728 1301 3733 ’

131 3795 182 3845 Att.
196 3793 242 3847 liv.
257 3795 280 3848 1.
304 3799 358 3850 16:
376 3809 469 3868 proter
487 3799 552 3870 quod
570 3819 642 3870 supra
685 3819 761 3853 causa
774 3800 853 3852 lectio
867 3801 966 3870 vulgat.
980 3797 1119 3852 retinenda
1130 3810 1177 3849 est.

126 3877 203 3940 posui.
228 3873 315 3927 codd.
339 3877 464 3930 nonnulli
482 3889 641 3952 praeterquam
681 3935 684 3940 ,
727 3884 753 3933 6.
774 3880 866 3932 Molita
881 3879 981 3932 cibaria.
996 3879 1105 3932 Farinas
1119 3888 1145 3928 et
1159 3877 1198 3930 le-

130 3953 201 4022 quod,
218 3954 296 4006 male.
315 3956 389 4010 Mon.
684 3960 794 4030 gumina
807 3959 888 4025 sicca,
904 3960 999 4022 molita,
1017 3971 1048 4011 ut
1061 3976 1197 4010 servaren-

168 4039 194 4096 4.
207 4035 314 4086 Domum
321 4035 451 4090 reditionis.
463 4037 641 4110 Hio‚utssspe
684 4052 737 4094 tur.
753 4039 838 4095 Grac.
856 4040 968 4110 interpr.
984 4039 1084 4110 ἄλφιτα·
1103 4033 1197 4107 (δί)Πᾶ

128 4109 284 4176 fit‚verbale
292 4133 390 4168 nomen
398 4155 407 4182 ,
416 4119 496 4171 uerbi·
506 4137 521 4170 a
532 4137 585 4188 quo
594 4117 641 4170 de·
684 4132 790 4172 nostros
803 4120 825 4170 le
840 4115 946 4183 biscur't.)

128 4188 242 4276 dueitur,
250 4213 339 4250 casum
347 4197 468 4268 regitUt
477 4193 547 4269 apud
555 4199 640 4253 Plaut.
726 4219 753 4270 7.
774 4197 920 4269 Latobrigis.
930 4195 1090 4276 Yideindic.
1098 4197 1195 4266 Geogr.
