3000 5034
318 519 389 603 140
427 530 430 537 '
472 518 510 587 C.
538 515 679 586 JULII
707 511 942 583 CAESARIS
969 508 1244 578 COMMENT.

364 651 407 717 X.
434 646 548 719 Mosa¹
574 647 711 744 profluit
731 650 906 715 ex'monte
925 638 1168 736 Vosego²‚'qui
1187 639 1291 709 estin
1312 630 1385 705 fini‘-
1484 684 1485 702 .

205 826 208 833 ,
311 754 374 824 bus
389 757 597 850 Lingonum,
611 768 661 842 et,
672 765 768 849 parte
783 750 928 846 quadam
948 774 989 817 ex
1008 747 1137 816 Rheno
1148 760 1299 839 recepta,
1313 768 1386 838 quae

312 860 497 956 appellatur
512 846 680 948 Vahalis³‚
692 857 835 928 insulam
849 855 953 925 efficit
966 858 1187 940 Batavorum
1197 876 1306 945 neque
1320 850 1389 919 lon·

312 968 384 1061 gius
402 968 444 1035 ab
464 994 504 1036 eo
520 966 665 1037 millibus
681 990 838 1061 passuum
851 964 983 1031 LXXX
1000 962 1034 1028 in
1046 961 1220 1029 Oceanum
1231 943 1386 1025 transit‘:
1486 997 1488 1054 ξ

311 1074 449 1144 Rhenus
464 1076 576 1145 autem
594 1075 701 1142 oritur
718 1097 758 1141 ex
778 1069 966 1164 lepontiis,
982 1064 1160 1160 qui'Alpes
1174 1061 1343 1151 incolunt,
1356 1074 1390 1131 et
1487 1061 1488 1064 ’

311 1177 411 1275 longo
433 1182 539 1275 spatio
559 1179 718 1275 perfines
738 1159 988 1262 Nantuatium⁵,
1005 1163 1251 1258 Helvetiorum,
1263 1171 1389 1264 Sequa·
1488 1208 1489 1212 =

358 1383 424 1437 Can.
445 1384 481 1437 X.
507 1402 531 1436 1.
551 1382 632 1436 Mosa.
654 1383 755 1435 Totum
775 1380 828 1433 hoc
872 1372 1282 1431 videbittectortodnoaerlt.
1295 1371 1389 1442 5763:

313 1476 392 1534 eaput
406 1482 421 1515 a
435 1464 578 1535 glossatore
593 1460 727 1515 intrusum
741 1459 828 1531 suspi-
871 1457 967 1512 vitiose
981 1454 1127 1508 admodum
1136 1473 1144 1507 z
1154 1454 1194 1506 Et
1198 1464 1273 1523 parte
1283 1452 1391 1523 quadam

313 1540 423 1596 cahatur
432 1544 552 1608 criticus,
560 1545 592 1596 ab
601 1542 692 1595 Oberl.
701 1540 828 1611 supraci-
872 1559 903 1590 ea
917 1538 986 1589 Reno
999 1548 1101 1606 recepta,
1116 1554 1171 1607 quoe
1185 1532 1323 1603 appellatam
1333 1532 1366 1584 V
1362 1550 1391 1583 a·

312 1634 392 1676 tatus.
406 1624 552 1694 Perperam
564 1636 591 1675 et
605 1622 663 1675 sine
677 1640 764 1675 causa.
873 1617 948 1669 calcas.
960 1616 1044 1669 Insula
1055 1612 1196 1688 quoeefficit
1204 1612 1357 1665 Volumnum
1366 1615 1391 1663 in

356 1722 381 1756 a.
400 1704 505 1774 Vosego.
517 1703 599 1755 Varie
609 1702 734 1754 scribitur
751 1701 829 1755 Vose-
876 1697 999 1749 Oceanum
1023 1695 1111 1765 mfluit.
1134 1692 1219 1765 Neque
1241 1692 1338 1761 longius
1360 1690 1392 1742 al

312 1802 370 1852 gas,
385 1784 508 1853 Vogesus,
524 1801 570 1835 seu
586 1782 707 1851 Vosagus.
720 1780 828 1841 Gruoe,
876 1777 975 1829 Oceano
990 1774 1327 1845 msllllmpassumnaxxxs‘n
1340 1771 1392 1824 Ite·

312 1863 432 1923 Boanum.
444 1863 545 1915 Lucan.
561 1862 619 1926 l.1,
631 1880 658 1913 v.
674 1862 753 1930 397:
873 1874 931 1907 mm
948 1859 1043 1907 cama.
1060 1853 1168 1907 Rectius
1182 1851 1268 1905 codex
1287 1851 1389 1921 5764:

327 1947 450 2001 anumque,
466 1961 510 2000 qun
522 1948 594 1999 Vogesi
603 1959 683 1987 curvam
699 1959 760 1998 super
769 1944 830 1984 ardu·
873 1933 927 1987 Sed
941 1933 1013 1987 idem
1026 1934 1108 1987 habet
1120 1932 1251 2004 scriptum
1263 1950 1271 1985 ξ
1284 1943 1310 1981 el
1314 1943 1392 2003 pam

380 2032 450 2071 rupem
874 2014 979 2089 quadam
991 2014 1104 2066 ea'lleno
1118 2024 1223 2083 recepta,
1237 2031 1292 2083 quoe
1304 2011 1392 2082 aspele

326 2090 427 2142 Pagasaea
436 2089 493 2143 pictis
504 2087 623 2129 cohibebant
633 2089 731 2141 nganu
740 2091 806 2130 amis.
874 2095 942 2146 law
952 2094 1075 2156 Vm,
1087 2093 1212 2164 muhqm
1224 2090 1301 2161 efficit
1312 2090 1393 2143 Bm.

315 2171 386 2225 vide
401 2170 523 2224 Gadium
534 2168 567 2223 ad
581 2171 700 2243 inscript.
711 2164 831 2237 Gruteii,
876 2194 970 2236 mnan,
988 2185 1038 2227 etc.
1060 2172 1169 2225 Vacalus
1186 2183 1275 2224 autem
1292 2170 1393 2241 legitur

314 2271 342 2323 p.
361 2257 413 2319 94,
426 2240 461 2303 n⁰
482 2270 526 2304 10.
540 2251 687 2305 Glareanus
700 2252 764 2323 legit
778 2252 833 2305 Mo·
875 2252 947 2327 apud
954 2272 1046 2307 omnes
1052 2251 1131 2305 oodd.
1142 2270 1198 2304 non
1205 2250 1394 2303 Volaenes

314 2348 410 2401 sagium
424 2349 484 2402 quae
494 2350 545 2383 vox
553 2331 831 2402 gallicaaromasiisin
874 2353 928 2388 vox
945 2347 985 2387 est
999 2330 1149 2387 emendatio
1162 2331 1346 2384 recentiorum
1366 2343 1395 2383 et

313 2411 424 2487 latinam
444 2424 471 2463 et
488 2411 639 2465 molliorem
658 2411 774 2464 formam
787 2430 831 2465 re·
874 2434 891 2467 e
903 2414 997 2467 Tacito
1005 2413 1179 2484 deprompta,
1188 2412 1208 2464 l.
1219 2412 1262 2475 11,
1274 2409 1394 2463 Hist-

315 2489 391 2545 dacta
405 2491 468 2544 lecit
485 2491 515 2544 V
510 2510 615 2561 osegam·
875 2495 984 2548 Insulam
995 2488 1395 2563 efficc'tBatamrumJlodiehna

363 2572 389 2625 3.
414 2572 527 2624 Vahalis.
550 2572 632 2625 Varie
655 2570 782 2625 scribitur
801 2571 831 2623 in
873 2569 1395 2641 insuladicimrBetaaetcomplectitur

315 2648 394 2705 codd.
409 2651 516 2705 Graecus
531 2652 644 2723 interpr.
659 2652 781 2712 Βάκαλος.
875 2652 1011 2707 Gneldriae
1022 2670 1144 2723 magnam
1150 2663 1254 2722 partem
1268 2661 1296 2702 et
1310 2650 1394 2703 meril

356 2738 384 2794 4.
397 2732 424 2783 E
427 2743 438 2781 t
440 2744 515 2801 parte
524 2732 668 2804 quadam...
676 2735 772 2783 tramit.
779 2732 832 2783 To·
874 2732 962 2787 dianio
973 2731 1131 2785 Holtandia.
1142 2762 1184 2774 -
1195 2729 1307 2784 Millc'bus
1321 2748 1394 2783 ιω

316 2824 370 2864 tam
384 2811 453 2863 hanc
474 2811 593 2882 phrasim
607 2811 675 2863 mire
689 2811 831 2882 perturba·
870 2812 1066 2884 passuumlloec
1075 2811 1200 2865 distantia
1206 2810 1298 2861 mtdtis
1307 2809 1393 2861 nimia

314 2902 413 2943 venant
427 2891 586 2962 interpretes
600 2891 770 2943 recentiores.
789 2890 831 2942 En
875 2892 982 2946 videtur
994 2908 1002 2945 t
1013 2904 1040 2944 at
1048 2891 1214 2962 temporibus
1222 2890 1393 2960 Caesarispo·

314 2970 394 3024 lectio
414 2970 534 3040 vulgata,
554 2988 614 3042 quaa
635 2989 696 3022 meo
721 2969 831 3042 quidem
875 2973 928 3026 tuit
941 2972 1002 3024 talis
1013 2968 1287 3036 videri‚utethodie
1299 2970 1392 3023 minor

316 3068 394 3103 sensu
414 3049 521 3120 planior
542 3048 685 3103 videbitur.
706 3050 745 3102 Et
759 3061 833 3121 parte
874 3064 986 3124 propter
996 3050 1187 3105 exundationes
1197 3049 1280 3102 maris
1294 3049 1325 3101 in
1337 3061 1392 3102 ter·

316 3124 832 3201 quadamlllieni(0udendorp.ecllluno
874 3151 917 3185 ras
929 3131 1138 3204 prorumpentis.
1161 3154 1166 3162 ·

316 3208 373 3262 sine
388 3204 480 3269 causa)
494 3222 601 3280 recepta,
617 3231 671 3282 quae
695 3210 833 3281 appellatur
917 3213 944 3264 5.
960 3212 1130 3264 Nummum.
1149 3210 1184 3262 Et
1202 3205 1234 3262 ea
1253 3223 1293 3261 eat
1311 3208 1392 3261 lectio

318 3288 436 3351 Vahalis,
452 3290 554 3341 ansulam
572 3288 648 3359 efficit
665 3291 832 3352 Batavorum
875 3289 955 3346 codd.
967 3303 995 3344 et
1012 3289 1073 3344 edd.
1085 3291 1148 3344 libr.
1157 3308 1221 3342 cum
1231 3290 1286 3341 levi
1302 3300 1391 3341 tamen

316 3388 391 3441 neque
404 3370 500 3438 magius
511 3370 542 3420 ah
554 3390 582 3421 eo
590 3366 634 3431 (id
646 3382 685 3423 est
696 3370 772 3434 loco,
784 3369 833 3421 uhi
875 3371 1010 3425 varietate.
1018 3370 1149 3423 Oherlino
1155 3368 1255 3441 placuit
1260 3386 1394 3440 reponere

319 3448 448 3502 Vahalem
469 3445 585 3521 recepit)
599 3450 702 3501 millibus
715 3468 833 3519 passuum
876 3451 1038 3505 Samnctium.
1053 3452 1141 3505 Caesar
1160 3447 1195 3502 de
1211 3448 1392 3501 Nantuatibus

317 3521 400 3590 ιω,
419 3534 444 3581 in
466 3529 590 3581 Oceanum
609 3533 704 3581 trasnlt.
722 3528 833 3583 Oudeu·
874 3526 1391 3602 jamlocutusest,l.lIl‚1.Sedeosable·

318 3606 428 3679 dorpius
441 3608 522 3680 igitur
535 3628 567 3662 ex
582 3608 661 3662 codd.
677 3609 833 3679 Bougarsia·
876 3624 920 3682 gat
932 3612 961 3664 in
976 3629 1035 3664 eam
1048 3622 1152 3680 partem
1173 3624 1233 3680 quta
1254 3606 1393 3660 diciturle

317 3688 374 3753 nis,
387 3688 576 3754 Leidensihus,
589 3690 760 3742 Vossianiset
770 3687 833 3742 edd.
878 3689 1289 3752 Valat's‚adlacumL'emauuum.
1297 3687 1392 3740 Strabo

317 3767 512 3822 RomMediol.
521 3770 617 3821 Venet.
625 3781 652 3820 et
658 3768 716 3821 aliis
724 3769 833 3821 criticis:
877 3775 1006 3841 contrap.
1020 3776 1090 3838 294,
1100 3769 1138 3822 sic
1146 3769 1183 3821 ait
1192 3786 1199 3821 ε
1206 3771 1282 3838 primi
1289 3772 1392 3819 omnium

216 3876 224 3897 ·.
318 3850 357 3903 Et
366 3860 439 3919 parte
456 3848 561 3920 quadam
576 3868 606 3899 aa
620 3848 704 3900 Rheno
724 3861 832 3919 recepta,
877 3850 1029 3901 adlllicnm
1041 3848 1151 3901 labam
1160 3848 1394 3901 atmmrNanma·

318 3948 372 4001 quea
379 3929 517 3999 appellatus·
525 3928 641 3992 Vahalis,
651 3929 753 3981 insulam
761 3928 837 3999 ersfsclt
879 3942 924 3991 tes,
937 3929 1005 3999 aptad
1015 3949 1073 4001 qum
1092 3932 1164 3981 otum
1175 3929 1306 3999 ejnsflant
1311 3930 1393 3995 fontes

318 4009 482 4069 Bataaonun,
501 4012 526 4059 ln
544 4008 667 4060 Oceanum
682 4008 778 4079 influit,·
792 4028 835 4061 nc·
878 4021 936 4067 uait
945 4013 972 4063 in
983 4008 1070 4061 Auula
1078 4020 1164 4062 nana.
1174 4008 1290 4061 Cainnm
1299 4026 1393 4060 eorum

319 4107 365 4159 que
377 4088 472 4159 longua
485 4088 516 4139 ab
534 4087 632 4141 Oceano
648 4088 751 4139 mllls'bus
766 4106 833 4159 pass.
879 4086 962 4141 fidem
976 4087 1181 4142 adhibebimus?
1191 4088 1294 4139 Forsan
1305 4099 1392 4157 uterq.

294 4159 299 4170 ¹
321 4169 836 4239 axxxmlllicnumitq‘luit.Quamturbata
880 4182 954 4223 recte
975 4167 1059 4223 dixit:
1072 4169 1115 4222 vel
1129 4166 1186 4220 duo
1201 4167 1299 4238 populi
1319 4177 1394 4219 eram

323 4247 366 4312 sit,
378 4259 404 4301 et
417 4248 529 4303 obscura
542 4247 679 4312 istulectio
689 4248 838 4319 intelligens
882 4250 934 4303 suh
953 4248 1048 4306 eodem
1060 4241 1172 4303 nomine
1182 4246 1256 4312 noti,
1268 4246 1313 4301 vel
1325 4262 1394 4301 uuas
