3000 5034
325 471 394 539 DE
421 469 595 538 BELLO
622 469 870 540 GALLICO.
899 473 994 541 LIB.
1022 474 1064 543 V.
1161 476 1232 547 231

161 598 285 671 pidatos,
300 602 352 655 alte
372 602 401 653 in
424 614 523 654 terram
544 598 677 671 affigendo
721 600 832 653 ballistas
847 602 1076 674 permittent,nec
1088 617 1144 659 tota
1156 608 1237 662 etiam

159 678 279 751 adigere:
294 692 390 753 utque,
401 692 431 733 ut
443 692 516 752 patet
531 698 563 732 ex
579 681 676 733 tabella
719 680 841 751 ipsorum
849 681 1012 753 promrdens
1026 703 1082 739 sese
1095 688 1175 740 turba
1186 706 1193 741 :
1205 708 1236 742 sc

158 754 279 830 depicta,
290 762 436 813 exercitum
448 760 523 831 quasi
534 778 614 812 muro
623 760 675 812 cir·
719 752 746 811 si
757 760 827 814 forte
842 762 904 833 equi
915 761 1097 829 conciderint,
1108 768 1236 837 jacebunt

157 838 299 904 cumdare,
312 841 451 912 juniorum
473 839 590 892 militum
606 858 675 891 non·
718 840 838 911 oppressi
846 844 1235 918 propterclavosaquibuspri·

156 920 235 971 nullis
254 939 365 992 operam
379 933 486 972 strenue
507 932 533 971 et
553 919 675 972 alacriter
700 990 701 995 1
717 936 793 971 mum
802 920 926 991 impediti
935 922 1048 976 fuerant.
1059 924 1232 996 Posteaquam

155 1000 322 1053 navantibus.
343 1002 443 1052 Totum
457 1012 546 1052 autem
562 998 673 1053 velocis·
716 998 798 1069 igitur
822 1018 970 1071 paucorum
991 1004 1114 1056 virorum
1134 1020 1234 1059 armata
1295 1061 1297 1070 ,

156 1077 219 1131 sime
227 1080 580 1151 perficietur,siabqu0que
591 1078 673 1131 latere
715 1095 797 1131 manu
812 1080 933 1133 exterriti
948 1081 1048 1135 inerint
1057 1084 1160 1151 hostes,
1174 1102 1231 1138 cer-

27 1214 29 1219 ,
95 1225 98 1230 ‚
154 1171 242 1228 partes
262 1160 363 1231 quique
384 1177 443 1211 suas
462 1158 671 1213 circumvallent.
714 1170 808 1211 nentes
824 1158 967 1225 sese,dum
983 1160 1147 1217 adversarios
1161 1165 1232 1217 inse·

153 1236 302 1291 EtBarbari
307 1238 507 1311 quidemprima
512 1238 672 1309 irruptione,
714 1250 852 1308 quuntur,
862 1242 1039 1310 procumbere
1047 1280 1056 1307 ,
1064 1243 1124 1295 illos
1137 1258 1232 1299 contra

153 1316 220 1383 sive,
228 1331 338 1373 utnunc
350 1330 461 1383 vocant,
471 1318 574 1389 impetu
583 1317 671 1389 primo
713 1315 743 1367 in
758 1316 848 1371 medio
863 1330 932 1371 stare
943 1320 1106 1386 incolumes,
1115 1336 1188 1395 terga
1199 1325 1232 1376 il-

153 1400 292 1461 concitati,
304 1400 403 1472 absque
412 1397 496 1450 dubio
503 1397 610 1449 nemine
619 1398 671 1449 Ro·
712 1395 766 1449 lico
782 1394 893 1451 dabunt.
909 1398 945 1452 Et
956 1399 1230 1457 licebittuncnostris

152 1490 294 1531 manorum
302 1496 357 1531 uno
365 1478 515 1537 vulnerato,
525 1488 592 1548 quot
603 1490 670 1547 quot
712 1476 765 1527 tela
778 1477 812 1528 ab
822 1477 945 1531 hostibus
959 1479 1030 1531 intra
1041 1494 1177 1551 septorum
1185 1502 1230 1535 re·

151 1556 328 1629 inprimailla
338 1557 512 1629 impressione
520 1558 667 1633 urgebunt,
710 1555 786 1625 gulas
806 1559 925 1627 conjecta
944 1559 1086 1629 colligere,
1101 1559 1229 1615 cadavera

152 1630 255 1698 (solent
265 1636 338 1690 enim
351 1636 538 1709 protrudenda
553 1636 667 1690 sessim·
711 1636 836 1707 spoliare,
843 1644 1011 1709 calonesque
1023 1639 1095 1709 ipsos
1106 1639 1228 1711 refigere,

150 1714 350 1789 pellere)equis
362 1717 471 1788 collapsi
484 1718 667 1769 Romanorum
710 1728 737 1767 et
749 1716 883 1788 intrepide
890 1719 982 1789 ,quasi
994 1718 1157 1775 ambulando
1168 1739 1229 1791 per·

150 1797 207 1850 telis
223 1798 371 1863 ferientur,
387 1809 414 1850 et
428 1798 461 1849 ab
483 1798 537 1850 suis
558 1814 667 1868 quoque
709 1808 820 1865 gerent,
841 1815 950 1851 rursum
973 1795 1062 1851 hostes
1083 1800 1227 1873 persequi,

149 1874 301 1949 improvide
323 1876 524 1949 insequentibus
546 1878 666 1948 oppressi
710 1874 871 1947 tandemque
898 1875 967 1929 illud
987 1877 1132 1950 perlicere,
1152 1878 1227 1951 quod

149 1957 386 2027 proculcabuntur.
395 1955 470 2009 Istud
480 1958 560 2009 etiarn
572 1974 605 2009 ex
615 1957 666 2011 hac
708 1968 802 2026 gentes
812 1956 880 2022 illae,
892 1955 963 2009 vires
972 1976 1065 2010 omnes
1076 1975 1134 2011 suas
1145 1959 1174 2011 in
1182 1978 1228 2011 co-

149 2036 250 2090 ordinis
268 2036 444 2109 dispositione
461 2036 583 2090 utilitatis
604 2050 665 2089 eve·
708 2035 761 2106 piis
774 2036 942 2108 equestribus
951 2038 1122 2100 collocantes,
1134 2039 1227 2091 molie-

149 2116 220 2182 niet,
240 2130 274 2171 ut
295 2118 421 2172 facillime
441 2118 531 2171 hostes
549 2116 665 2171 interfici
707 2115 814 2170 bantur.
829 2118 864 2169 At
879 2118 902 2169 si
915 2118 1074 2171 laboriosius
1087 2136 1121 2169 ac
1129 2116 1227 2171 diffici-

148 2198 264 2267 possint,
276 2197 298 2250 si
310 2198 338 2251 iu
352 2198 474 2251 curribus
489 2198 599 2251 ballista
616 2198 663 2251 ha·
706 2194 759 2247 lius
773 2194 881 2250 videtur
893 2197 996 2267 regulas
1007 2197 1064 2250 illas
1075 2197 1223 2269 configere,

148 2276 261 2331 beantur
268 2297 299 2331 ex
309 2291 424 2351 quatuor
431 2276 663 2331 lateribusferien·
706 2274 878 2345 cogitandum
900 2276 951 2328 erit
972 2276 1131 2329 tutissimam
1150 2276 1225 2330 illinc

149 2367 200 2423 tes,
213 2378 245 2411 ac
259 2354 429 2429 potissimum
442 2376 474 2411 ex
487 2357 532 2410 illa
545 2355 662 2429 partein
706 2354 773 2406 oriri
781 2356 963 2421 securitatem,
972 2355 1089 2407 militnm
1102 2368 1225 2409 constan·

148 2455 226 2508 qnam
239 2438 371 2511 impetum
383 2438 461 2491 faciet
473 2438 577 2491 hostilis
591 2454 663 2489 exer·
705 2432 788 2499 tiam,
810 2447 964 2505 certamque
990 2434 1109 2487 victorie
1138 2454 1225 2505 spem.

147 2516 569 2583 citus:nam,ntinerercitsticnis
576 2518 661 2589 ligura
704 2514 790 2580 Item,
801 2514 851 2566 ulia
862 2531 920 2567 esse
933 2515 1129 2585 quamplurima
1137 2515 1223 2567 multo

147 2610 235 2667 patet,
256 2599 304 2670 qui
327 2599 440 2653 ballistis
458 2599 510 2651 tela
530 2596 660 2669 dirigent,
704 2594 874 2665 operosiora,
887 2593 1020 2665 longeque
1032 2594 1149 2645 minores
1164 2593 1225 2647 bel·

148 2677 226 2749 triplo
245 2679 352 2751 lougius
366 2696 446 2751 quam
459 2677 548 2732 hostes
562 2678 660 2750 jacula·
703 2674 832 2727 latoribus
845 2673 992 2745 praebentia
1006 2673 1221 2727 commoditates:

146 2756 246 2811 buntur
254 2778 262 2823 3
270 2771 298 2811 et
309 2758 338 2811 in
346 2758 467 2811 virorum
476 2775 660 2830 equorumque
703 2766 768 2827 puta
774 2753 941 2827 papilionum
949 2753 1123 2825 gestationes,
1135 2754 1222 2823 iisque

146 2854 259 2909 corpora
282 2838 381 2891 missile
410 2839 512 2891 ferrum
538 2838 658 2909 infigent.
702 2832 879 2887 destituendis
901 2834 1106 2906 occupationesg
1126 2846 1152 2887 et
1170 2834 1223 2886 fos·

145 2916 176 2967 ln
184 2916 276 2970 medio
290 2930 379 2971 autem
391 2930 461 2971 stent
473 2920 501 2971 in
513 2918 592 2970 armis
603 2936 660 2990 spe·
702 2914 738 2967 sis
753 2914 864 2967 sudibus
880 2912 1034 2967 muniendis
1042 2914 1219 2987 operationes.

146 2997 661 3070 colatores,hostiumqueimpetumcon·
702 2994 777 3061 Quin
790 3008 819 3049 et
836 2995 948 3048 Barbari
965 3013 1023 3047 sese
1034 2994 1134 3066 junctis
1158 3012 1220 3045 cur·

144 3075 318 3142 siderent',nt
328 3080 350 3131 si
360 3077 571 3131 animadvertant
582 3097 659 3149 quos·
701 3076 777 3128 ribus
797 3076 939 3139 muniunt,
956 3076 1003 3146 qui
1026 3087 1114 3127 tamen
1131 3073 1219 3146 peria·

145 3152 320 3223 dam,relictis
329 3159 413 3229 equis,
419 3159 494 3230 palos
507 3158 618 3227 refigere
627 3176 658 3211 ac
701 3155 746 3207 cili
762 3167 818 3207 arte
835 3152 960 3207 succendi
975 3166 1095 3226 possunt.
1110 3154 1219 3224 Itaque,

143 3235 265 3289 refodere
277 3238 414 3303 velle,eos
433 3238 576 3302 contiuuo,
591 3235 657 3289 dum
700 3253 786 3305 quum
800 3234 868 3286 nihil
893 3232 946 3285 nisi
974 3234 1065 3285 labore
1095 3232 1219 3304 perficia-

143 3313 285 3369 in·terram
299 3319 392 3371 cernui
403 3330 430 3371 et
444 3317 566 3387 occupati
580 3329 655 3383 sumt,
700 3325 762 3379 tur,
772 3325 875 3365 nonest
887 3330 935 3363 cur
944 3324 1077 3364 aversetur
1085 3312 1218 3383 quispiam

144 3396 242 3467 sagittis
256 3410 378 3451 arceant:
388 3398 489 3470 quippe
502 3415 552 3450 nec
564 3396 597 3448 iis
612 3397 655 3448 in·
702 3394 805 3445 huncce
820 3392 1018 3462 conatum,qui
1031 3390 1122 3461 copias
1130 3390 1215 3443 unde·

143 3484 213 3529 terea
222 3477 296 3549 palos
307 3478 392 3533 otiose
401 3478 494 3531 rimari
502 3477 545 3531 vel
553 3475 657 3529 auferre
701 3490 807 3547 quaque
820 3483 927 3544 praestat
941 3469 1166 3541 inexpugnabiles.
