3000 5034
267 464 314 535 82
426 466 633 533 C..JULII
661 465 893 533 CAESARIS
920 464 1194 532 COMMENT.

265 620 336 668 sese
358 620 415 664 eos
436 598 471 665 in
497 595 598 681 fidem
623 610 837 690 recepturum
867 610 901 663 et
931 608 1215 694 conseruatumm·
1234 592 1340 661 dixit:

265 703 344 789 sed,
365 702 454 796 quod
476 717 549 771 erat
569 703 684 773 civitas
710 725 833 797 magna
863 695 949 770 inter
978 699 1096 795 Belgas
1123 700 1342 785 auctoritate,

206 858 210 866 a
265 823 365 903 atque
392 810 566 889 bominum
597 808 807 889 multimdine
829 809 1027 903 praestabat,
1040 806 1260 880 DCobsides
1280 831 1341 900 po·

264 916 381 1010 poscit.
399 918 459 996 His
478 916 625 1004 traditis,
638 915 858 1009 omnibusque
880 916 980 985 armu
998 939 1041 983 ex
1056 913 1181 1008 oppido
1199 911 1343 998 collatis,

265 1022 367 1097 abeo
390 1021 464 1103 loco
487 1024 521 1094 in
543 1022 626 1093 fines
648 1022 889 1103 Ambianorum
908 1023 1080 1116 pervenit,
1093 1022 1149 1115 qui
1168 1044 1203 1089 se
1217 1042 1344 1111 suaque

265 1130 378 1199 omnia
410 1131 479 1197 sine
501 1141 596 1199 mora
617 1128 823 1201 dediderunt.
845 1131 974 1197 Eorum
995 1127 1079 1198 fines
1098 1126 1214 1207 Nervii
1243 1126 1343 1194 attin·

266 1235 408 1329 gebant:
425 1260 568 1329 quorum
590 1235 768 1315 denatura
781 1235 995 1329 moribusque
1008 1237 1123 1305 Caesar
1138 1256 1242 1327 quum
1258 1254 1344 1325 quse

265 1356 371 1429 reret,
388 1343 435 1411 sic
455 1342 664 1437 reperiebat:
689 1341 862 1417 «Nullum
884 1341 1010 1421 aditum
1031 1366 1103 1411 esse
1125 1339 1168 1414 ad
1185 1362 1242 1416 eos
1260 1362 1345 1407 mer

265 1448 454 1525 catoribus:
474 1447 555 1521 nihil
579 1450 648 1543 pati
663 1446 753 1518 vini²
767 1446 1033 1543 selmuarumque
1057 1472 1169 1515 rerum
1191 1444 1234 1513 ad
1252 1444 1345 1513 luxu·
1361 1502 1365 1507 .

265 1556 349 1624 riam
371 1541 630 1650 pertinentium³
644 1555 776 1644 inferri,
794 1556 885 1649 quod
905 1556 957 1627 his
975 1552 1344 1645 rebusrelanguescere

266 1650 415 1730 anim0s⁴
434 1676 468 1730 et
495 1664 618 1731 remitti
639 1664 797 1732 virtutem
819 1662 1070 1730 existimarent:
1092 1684 1162 1730 esse
1191 1658 1344 1735 homines

265 1767 368 1855 feros,
389 1786 583 1861 magnaeque
596 1768 727 1837 virtutis
744 1793 751 1835 :
771 1768 969 1860 increpitare
985 1780 1084 1860 atque
1102 1767 1254 1850 incusare
1268 1763 1344 1833 reli·

265 1899 349 1967 quos
367 1873 502 1967 Belgae,
515 1876 571 1966 qui
593 1898 628 1953 se
646 1872 772 1967 populo
792 1898 932 1942 romano
950 1872 1173 1961 dedidissent,
1186 1873 1362 1967 patriam·‘

265 2005 329 2073 que
343 1981 500 2049 virtutem
518 1980 755 2073 projecissent:
771 1965 991 2057 confinnare⁵
1007 2004 1079 2049 sese
1092 2003 1199 2073 neque
1217 1976 1344 2072 legatos

266 2088 443 2173 missuros,
461 2110 568 2179 neque
591 2084 693 2156 ullam
717 2086 941 2156 conditionem
963 2087 1054 2182 pacis
1076 2100 1282 2181 accepturos.
1295 2114 1314 2149 o

319 2194 412 2261 XVI.
437 2193 552 2280 Quum
581 2217 641 2286 per
665 2218 783 2264 eorum
811 2193 895 2263 fines
926 2194 1073 2273 triduum
1102 2193 1164 2264 iter
1192 2192 1345 2279 fecisset,

265 2298 455 2367 inveniebat
471 2323 512 2367 ex
533 2300 692 2393 captivis,
705 2297 836 2367 Sabim¹
849 2300 975 2372 flumen
992 2300 1036 2368 ab
1051 2300 1166 2372 castris
1185 2300 1252 2367 suis
1274 2323 1344 2365 non

265 2404 407 2498 amplius
434 2403 536 2473 millia
558 2430 723 2500 passuum
744 2406 861 2484 decem
883 2407 1023 2478 abesse:
1043 2422 1135 2485 trans
1161 2405 1196 2483 id
1217 2405 1344 2482 flumen

265 2537 382 2594 omnes
398 2513 540 2582 Nervios
563 2512 769 2601 consedisse,
787 2513 1033 2609 adventumque
1050 2513 1095 2583 ibi
1111 2514 1344 2590 Romanorum

265 2634 458 2713 exspectare
483 2643 552 2687 una
573 2646 651 2690 cum
672 2620 886 2697 Atrebatibus
908 2634 943 2688 et
962 2618 1228 2706 Veromanduis‚
1243 2617 1343 2694 finiti·

265 2726 327 2793 mis
351 2727 440 2795 suis:
457 2716 557 2813 (nam
588 2726 640 2795 his
668 2727 831 2820 utrisque·
849 2740 1102 2821 persuaserant,
1116 2726 1165 2802 uti
1191 2725 1344 2795 eamdem

265 2830 343 2899 belli
360 2831 529 2899 fortunam
541 2825 791 2926 experirentur)
812 2834 995 2928 exspectari
1012 2835 1112 2903 etiam
1127 2832 1169 2900 ab
1183 2833 1344 2901 hisAtua·

266 2952 422 3015 tucorum
446 2938 578 3031 copias,
597 2952 696 3032 atque
718 2964 789 3009 esse
808 2940 844 3007 in
864 2942 1007 3017 itinere:
1030 2938 1203 3027 mulieres,
1221 2939 1343 3032 quique

267 3068 327 3138 per
340 3058 471 3112 aetatem
490 3043 532 3112 ad
553 3070 702 3139 pugnam
719 3045 850 3118 inutiles
865 3046 1074 3135 viderentur,
1087 3048 1122 3116 in
1135 3071 1213 3114 eum
1231 3044 1343 3114 locum

310 3262 335 3295 a.
352 3242 425 3295 Nihil
431 3247 488 3314 pati
499 3246 561 3296 cirri.
576 3244 697 3315 Namque
712 3242 784 3315 apud
828 3263 894 3296 num
908 3242 944 3297 ad
963 3263 991 3297 se
1007 3244 1117 3297 omnino
1131 3244 1272 3315 importari
1287 3264 1343 3297 non

267 3323 332 3375 'alios
341 3322 447 3388 Gallos,
461 3336 526 3376 teste
537 3324 681 3389 Athenaeo,
691 3322 784 3376 adivi·
828 3324 948 3380 siverunt
961 3323 1056 3388 Suevi,
1070 3337 1100 3376 ut
1115 3322 1193 3376 docet
1208 3336 1311 3389 noster,
1323 3325 1341 3377 l.

266 3403 338 3456 tibus
358 3402 460 3463 bibitur
479 3404 573 3455 vinum
588 3423 620 3456 ex
634 3403 726 3468 Italia,
742 3404 786 3455 vel
828 3422 946 3476 1v,cap.
966 3424 991 3457 a.
1004 3435 1045 3446 -
1058 3403 1168 3456 Animos.
1190 3404 1253 3455 Post
1274 3403 1343 3457 lianc

267 3480 424 3549 Massiliensi
441 3484 550 3553 regione
565 3483 686 3549 allatum,
703 3481 785 3553 idque
827 3502 921 3537 vocem
928 3488 1031 3545 animm,
1041 3477 1103 3536 edd}
1114 3496 1140 3535 et
1151 3480 1229 3536 codd.
1243 3483 1343 3537 babent

267 3580 388 3627 merum,
402 3563 446 3617 cui
468 3560 629 3635 quandoque
643 3563 785 3635 paululum
827 3583 920 3624 eorum,
929 3562 1003 3635 quod
1015 3562 1113 3615 delerit
1128 3563 1219 3615 Oberl.
1233 3576 1264 3616 ut
1279 3576 1343 3634 pote

266 3658 342 3712 aquae
357 3643 490 3695 miscetur.
507 3642 578 3695 Gon.
828 3641 901 3713 quod
916 3644 1027 3714 glossam
1037 3640 1177 3695 redoleret.
1188 3641 1269 3713 Apud
1281 3644 1342 3697 Cel·

310 3722 336 3774 3,
349 3722 394 3773 Ad
401 3723 520 3773 luxuriam
532 3724 709 3793 pertinentium.
720 3720 784 3774 Haec
827 3735 928 3774 sumet
950 3724 1061 3792 interpr.
1085 3739 1160 3793 graec.
1184 3723 1342 3792 generaliter

266 3802 348 3853 verba
359 3820 372 3853 a
382 3803 473 3855 multis
482 3802 577 3855 absunt
588 3800 665 3854 codd.
674 3802 784 3854 Graecus
827 3802 938 3853 effatum
949 3814 996 3853 est.
1011 3801 1102 3853 Nostri
1118 3799 1196 3854 codd.
1211 3822 1301 3855 eorum.

266 3894 355 3934 tamen
365 3882 495 3953 interpres
505 3895 531 3934 et
545 3882 637 3935 Celsus
652 3900 713 3935 cum
723 3880 783 3932 vul·
869 3881 894 3933 5.
913 3880 1068 3951 Confirmare.
1085 3880 1242 3947 Affirmare,
1251 3895 1283 3935 ut
1298 3902 1341 3955 ap.

266 3974 323 4031 gata
335 3963 513 4015 consentiunt.
525 3963 566 4013 lta
578 3979 684 4034 quoque
697 3961 783 4013 nostri
826 3959 882 4013 Cic.
898 3958 932 4013 de
947 3960 1086 4025 Amicitia,
1095 3980 1118 4013 c.
1133 3980 1178 4014 111.
1195 3961 1247 4016 OB.

266 4039 379 4095 codices.
867 4040 932 4093 Car.
943 4042 1019 4094 xv1.
1037 4061 1060 4095 1.
1074 4042 1165 4094 Sabim.
1184 4042 1237 4094 Pro
1257 4041 1341 4093 Sabim

316 4128 341 4184 4.
366 4121 441 4191 Quod
457 4122 494 4173 lu's
515 4121 584 4175 rebus
604 4120 782 4189 relanguescere
825 4138 984 4190 reponerem
1002 4123 1044 4176 vel
1059 4121 1198 4183 Sameram,
1215 4121 1258 4173 vel
1269 4120 1340 4173 Scal-

266 4202 366 4255 animos.
385 4189 461 4255 Hane
475 4202 555 4255 etiarn
570 4201 606 4255 ob
621 4218 724 4253 eausam
740 4200 781 4253 vi·
825 4200 883 4253 dim.
892 4200 964 4255 Vide
978 4214 1035 4256 not.
1051 4200 1085 4255 ad
1099 4202 1197 4255 calcem
1211 4201 1283 4254 libri.
1342 4223 1351 4240 1
