3000 5034
274 470 349 558 am
658 467 729 536 us
758 467 963 536 entim

271 601 368 699 ipso,
394 601 557 672 exercitus
589 601 764 669 Romanus
794 624 855 694 per
881 597 998 668 decem
1027 621 1134 669 annos
1163 623 1353 694 nunquam,

271 711 335 780 nisi
357 711 392 778 iu
418 708 590 779 obsidione
614 707 771 793 Avarici,
797 705 855 774 sed
885 703 948 774 alia
974 706 1016 775 de
1044 730 1160 790 causa,
1183 706 1354 776 frumento

271 817 443 886 cibariisve
462 816 577 885 caruit.
597 812 705 898 Nihil,
725 837 795 882 uno
815 812 938 898 verbo,
956 813 991 881 in
1012 826 1102 882 terra
1121 812 1251 884 Gallica
1265 815 1354 883 otio-

273 948 366 1011 sum,
388 923 451 991 nisi
470 945 535 1016 qua
554 918 692 1018 paludes
713 933 773 987 aut
790 917 880 988 silvae
901 918 1088 1015 obstabant.
1108 921 1163 989 De
1178 919 1249 990 eaeli
1269 935 1354 989 tem-

272 1031 378 1124 perie,
398 1030 459 1097 etsi
473 1041 612 1122 propter
628 1025 802 1096 mollitiem
817 1050 911 1094 suam
930 1027 1076 1096 Romani
1092 1026 1190 1096 uobis
1209 1023 1355 1096 Galliam
1396 1078 1400 1086 .

271 1148 511 1230 repraesentant
541 1132 645 1229 glaeie
674 1147 709 1200 et
733 1131 868 1201 nivibus
898 1131 1088 1220 horridam,
1121 1130 1219 1202 aliter
1241 1147 1355 1202 tamen

268 1241 383 1334 judico
405 1267 412 1310 ε
436 1264 514 1309 nam
533 1252 756 1335 praeterquam
773 1238 864 1332 quod
886 1241 1000 1309 Caesar
1017 1238 1059 1307 de
1081 1239 1204 1334 frigore
1223 1240 1258 1307 in
1278 1239 1355 1308 Bel·

271 1350 345 1442 giea
364 1347 520 1443 loquens,
546 1344 627 1414 nihil
648 1359 761 1415 tamen
788 1347 910 1413 mirum
929 1370 992 1414 nec
1011 1345 1206 1415 inusitatum
1228 1348 1354 1416 nostris

271 1455 477 1551 temporibus
496 1454 713 1548 pronunciat,
732 1453 870 1548 insuper
892 1475 935 1520 ne
963 1477 1025 1548 per
1052 1452 1198 1522 hiemem
1218 1451 1355 1547 quidem

271 1585 292 1630 a
310 1560 492 1657 praeliando
516 1559 712 1628 abstinebat.
734 1559 780 1628 At
799 1556 1070 1647 memorandum,
1093 1559 1183 1654 quod
1199 1559 1354 1630 Julianus

271 1669 319 1736 ait
337 1671 371 1737 in
393 1669 637 1764 Misopogone,
656 1663 802 1734 hiemem
821 1665 866 1734 ibi
884 1657 1065 1756 (Parisiis)
1083 1665 1352 1761 placidissimam.

269 1769 331 1844 His
351 1774 436 1845 adde
458 1773 565 1869 quod,
592 1786 631 1840 ut
656 1787 772 1842 narrat
795 1775 923 1860 Caesar,
951 1771 1055 1868 frigus
1082 1774 1117 1840 in
1142 1772 1278 1869 Belgica
1298 1797 1353 1843 re·

270 1879 425 1951 tardabat
446 1879 581 1975 quidem
602 1880 828 1948 maturitatem
850 1879 1006 1974 frugum,
1028 1879 1173 1948 sednon
1191 1879 1353 1975 impedie-

271 1988 358 2056 bat:
386 1986 475 2055 unde
502 1999 656 2081 apparet,
679 1985 831 2054 eamdem
853 1984 941 2073 fere,
960 2011 1034 2081 quoe
1058 2011 1171 2074 nune,
1192 1985 1295 2056 fixisse
1318 1989 1353 2056 in

270 2091 380 2164 Gallia
398 2091 472 2162 coeli
488 2093 701 2188 temperiem,
717 2090 784 2162 scil.
801 2089 914 2162 multis
928 2094 963 2160 in
975 2093 1125 2189 partibus
1137 2093 1353 2188 inaequalem

269 2199 372 2270 modo
398 2198 571 2294 frigidam,
592 2199 700 2267 ventis
724 2199 997 2292 frequentissimis
1020 2225 1097 2269 aera
1119 2201 1355 2291 turbantibus,

270 2306 411 2376 testibus
441 2308 567 2375 Seneca
594 2319 627 2373 et
647 2306 685 2376 A.
715 2303 845 2390 Gellio;
868 2306 970 2376 modo
992 2307 1132 2376 calidam
1160 2305 1194 2377 et
1216 2309 1352 2393 mitem,

270 2427 369 2508 atque
387 2411 440 2482 vel
464 2415 499 2481 in
519 2414 618 2482 unius
640 2410 704 2480 dici
729 2413 854 2509 spatio,
875 2437 895 2480 a
917 2414 1041 2509 frigore
1060 2413 1103 2483 ad
1122 2412 1288 2504 calorem,
1309 2416 1353 2485 ab

270 2519 410 2589 humido
432 2519 474 2588 ad
495 2519 621 2610 siccum
641 2509 879 2588 transeuntem.
902 2521 955 2590 De
974 2521 1063 2591 silvis
1078 2547 1213 2617 quoque
1235 2535 1270 2591 et
1285 2533 1351 2618 pa·

269 2625 402 2696 ludibus
433 2627 556 2722 passim
583 2625 730 2720 loquitur
750 2625 882 2713 Caesar,
902 2653 977 2722 quae
1005 2652 1085 2697 sane
1110 2649 1252 2697 numero
1274 2653 1351 2698 ma·

266 2730 358 2827 jores
383 2757 453 2802 esse
477 2748 559 2804 tunc
581 2727 741 2820 debuere,
763 2747 798 2802 at
821 2758 890 2803 non
911 2734 995 2803 adeo
1021 2737 1206 2825 immensae,
1227 2749 1262 2805 et
1282 2737 1350 2804 im·

269 2840 409 2934 perviae,
424 2840 505 2934 quin
525 2841 612 2907 inter
625 2837 687 2908 has
705 2838 905 2936 multiplices
922 2839 1047 2910 fuerint
1064 2843 1190 2937 campi,
1203 2856 1244 2912 ut
1258 2869 1350 2912 nunc

269 2945 414 3014 vidimus
433 2945 474 3013 de
494 2944 676 3014 Arduenna
692 2945 793 3034 silva,
807 2971 881 3041 quae
903 2948 1058 3020 eumdem
1079 2949 1148 3018 fere
1166 2948 1279 3018 locum
1299 2976 1352 3020 oc·

269 3067 392 3147 cupat,
414 3053 440 3120 si
462 3052 496 3119 in
517 3051 583 3122 hoe
605 3067 714 3122 tractu
737 3054 1003 3148 comprehendas
1025 3054 1128 3125 saltus
1148 3059 1178 3124 ei
1201 3058 1352 3146 vicinos,

270 3161 304 3230 ¹et
326 3159 420 3253 quasi
444 3157 660 3228 adhaerentes.
683 3159 737 3227 Ibi
758 3161 842 3230 vites
865 3162 1017 3256 optimae,
1035 3161 1225 3257 etquidem
1243 3153 1352 3259 usque

270 3263 313 3352 ad
332 3266 499 3360 Ligerim,
519 3279 552 3334 et
568 3263 647 3334 inde
667 3265 709 3333 ad
731 3266 908 3354 erenum3
927 3259 1032 3357 (vitis
1053 3269 1210 3339 Bituricae
1227 3284 1262 3340 et
1281 3273 1351 3340 Ar-

270 3374 414 3440 vernicae
439 3374 621 3440 meminere
639 3371 770 3441 'Plinius
792 3373 868 3443 hist.
891 3389 959 3444 nat.
982 3370 1037 3444 lib.
1060 3399 1140 3466 xiv,
1162 3402 1191 3445 c.
1212 3375 1234 3448 3
1256 3392 1291 3447 et
1310 3381 1350 3464 Δ,

269 3473 296 3565 S
312 3477 353 3567 33
371 3493 405 3546 et
420 3476 582 3549 Columel.
601 3477 670 3566 III,
687 3499 729 3548 αι
744 3473 758 3567 )
774 3505 782 3548 :
797 3495 831 3548 et
843 3495 926 3551 teste
937 3485 1092 3552 Varrone
1105 3483 1148 3552 de
1162 3485 1204 3553 R.
1218 3485 1259 3552 R.
1275 3482 1296 3553 l.
1312 3509 1350 3573 1,

269 3585 363 3674 olea,
384 3583 484 3673 ficus,
498 3587 533 3653 in
551 3583 821 3662 meridionalibus
834 3589 1119 3684 partibus,poma
1131 3592 1226 3661 mitia
1243 3605 1279 3660 et
1296 3589 1350 3659 alii

269 3691 400 3762 fructus
422 3689 656 3776 abundabant3
676 3695 757 3788 quin
777 3709 812 3762 et
832 3693 875 3763 de
897 3698 1017 3766 cerasis
1036 3699 1205 3767 Lusitanis
1227 3699 1262 3767 in
1280 3695 1351 3767 Bel·
1429 3779 1435 3792 ι

269 3801 378 3894 gicam
393 3812 426 3867 et
439 3798 550 3867 Rheni
562 3799 652 3893 ripas
665 3799 851 3894 importatis
865 3799 1011 3896 loquitur
1027 3802 1110 3872 Plin.
1124 3802 1143 3871 l.
1158 3828 1225 3892 uu,
1238 3829 1267 3874 c.
1287 3802 1348 3874 36.

269 3907 351 3974 Auri
367 3919 400 3974 et
417 3907 547 4001 argenti
565 3903 699 3975 metalla
717 3907 753 3974 in
775 3906 885 3977 Gallia
903 3923 1016 4000 erant,
1038 3925 1072 3980 et
1093 3910 1229 4006 quidem
1246 3935 1349 4006 praes-

270 4013 454 4081 tantissima
473 4013 507 4081 in
527 4013 689 4083 Gebenna
708 4030 840 4103 monte;
863 4017 935 4084 auri
953 4009 1086 4112 quoque
1112 4015 1234 4086 fodinae
1256 4015 1347 4114 apud

267 4117 508 4210 Tarbelliones,
528 4135 561 4189 et
579 4119 724 4191 ferrariae
744 4121 834 4217 apud
853 4124 1080 4213 Petrocorios,
1095 4125 1261 4219 Bituriges
1276 4126 1347 4193 Cu-

268 4223 343 4317 bos,
365 4241 448 4296 teste
473 4227 655 4317 Strabone,
675 4227 821 4326 etppud
845 4231 999 4303 Rutenos
1025 4245 1059 4303 et
1081 4225 1244 4322 Gabalos;
1264 4232 1347 4329 quin
