3000 5034
288 506 364 589 422
449 501 488 569 C.
516 499 659 573 JULII
687 497 923 571 CAESARIS
951 494 1235 567 COMMENU

286 658 341 706 res
360 632 431 708 diet
450 632 583 719 castris,
596 627 718 726 palude
737 644 770 699 et
790 626 855 699 loci
874 642 995 697 natura
1012 628 1164 714 munitis,
1180 649 1214 697 se
1236 641 1366 718 tenere3

286 765 394 835 neque
405 740 593 835 oppugnari
604 751 713 807 castra
724 760 842 808 eorum
854 737 925 805 sine
936 734 1148 807 dimicatione
1160 736 1367 829 perniciosa,

284 871 349 919 nec
368 846 480 921 locum
507 843 747 922 munitionibus
773 841 901 913 olandi¹
926 843 990 912 nisi
1011 866 1030 913 e
1050 841 1176 934 majore
1198 844 1367 929 exercitu,

284 978 410 1049 posse:
432 952 557 1025 litteras
578 951 622 1020 ad
639 950 843 1021 Trebonium
865 950 984 1037 mittit,
998 962 1055 1035 ut,
1073 972 1173 1041 quam
1193 947 1367 1020 celerrime

284 1074 417 1155 posset,
438 1058 603 1155 legionem
629 1080 711 1144 tull,
738 1082 812 1152 quae
833 1080 911 1125 cum
932 1058 970 1123 T.
991 1057 1103 1125 Sextio
1124 1054 1235 1149 legato
1255 1056 1290 1125 in
1312 1056 1366 1128 Bi·

285 1167 450 1262 turigibus
472 1166 656 1252 hiemabat,
678 1178 876 1251 arcesseret,
897 1176 996 1256 atque
1022 1164 1068 1229 ita
1090 1187 1168 1233 cum
1191 1165 1243 1234 III
1263 1160 1367 1257 legio·

284 1270 400 1345 nibus'
417 1258 568 1368 magnis³
591 1269 772 1344 itineribus'
786 1269 828 1339 ad
852 1294 887 1339 se
909 1271 1063 1339 veniret:
1082 1270 1152 1364 ipse
1171 1271 1299 1362 equites
1317 1270 1367 1337 in·

285 1380 394 1449 vicem
408 1382 592 1453 Remorum
607 1403 647 1448 ac
665 1378 876 1472 Lingonum,
889 1374 1156 1470 reliquantmque
1176 1377 1368 1463 civitatum,

284 1510 429 1579 quorum
448 1508 609 1581 magnum
629 1508 807 1559 numerum
827 1496 1043 1569 evocaverat,
1060 1481 1212 1576 praesidio
1234 1480 1370 1576 pabula-

284 1580 453 1664 tionibus⁴
474 1594 597 1680 mittit,
622 1593 680 1685 qui
709 1590 835 1660 subitas
863 1590 1009 1661 hostium
1037 1590 1244 1662 incursiones
1270 1591 1367 1661 susti

284 1714 412 1769 nerent.

336 1806 418 1878 XII.
440 1804 542 1894 Quod
562 1830 667 1900 quurn
688 1804 836 1897 quotidie
854 1802 966 1890 fieret,
984 1826 1024 1870 ac
1038 1802 1109 1895 jam
1128 1801 1368 1877 consuetudine

286 1910 456 2005 diligentia
476 1913 701 1998 minueretur,
717 1902 827 2003 (quod
849 1907 1045 2003 plerumque
1067 1909 1188 1987 accidit
1208 1909 1370 1979 diuttnni·

286 2010 393 2106 tate‚)
412 2015 600 2104 Bellovaci,
620 2016 748 2085 delecta
777 2034 879 2085 manu
901 2016 1069 2110 peditum,
1091 2017 1231 2111 cognitis
1253 2018 1367 2089 statim

285 2123 385 2198 nibus
413 2122 613 2216 quotidianis
642 2124 792 2217 equitum
818 2138 1028 2211 nostrorum,
1057 2122 1262 2199 silvestribus
1288 2122 1368 2197 loeis

287 2229 422 2302 insidias
433 2228 827 2325 disponunt3eodemque
846 2232 973 2323 equites
991 2244 1127 2325 postero
1145 2230 1198 2299 die
1211 2233 1367 2317 mittunt,

288 2338 345 2429 qui
369 2338 515 2430 primum
541 2336 699 2415 elicerent
724 2351 858 2407 nostros
885 2332 1048 2425 insidiie¹‚
1076 2336 1195 2409 deinde
1223 2339 1367 2407 circum·

287 2457 407 2514 ventos
424 2443 693 2537 aggrederentur.
707 2444 813 2537 Cujus
831 2443 908 2513 mali
926 2469 997 2523 sors
1016 2444 1132 2519 incidit
1150 2446 1283 2532 Remis,
1301 2446 1369 2539 qui·

288 2548 352 2623 bus
375 2548 429 2619 ille
459 2549 529 2619 dies
558 2550 719 2645 fungendi
742 2553 890 2621 muneris
916 2550 1100 2624 obvenerat
1109 2549 1130 2619 ².
1150 2554 1305 2645 Namque
1327 2553 1368 2639 ii,

289 2680 392 2748 quum
411 2671 549 2751 repente
571 2657 719 2726 hostiurn
743 2659 871 2751 equites
896 2657 1226 2747 minadveitisscnt,
1245 2682 1285 2729 ac
1307 2683 1367 2731 nu·

331 2870 397 2921 Car.
413 2869 461 2920 xl.
473 2886 498 2921 1.
513 2868 567 2921 Nec
578 2870 654 2919 locum
667 2872 805 2920 munitioni-
849 2869 967 2939 positum
985 2870 1146 2923 abstractum
1160 2889 1212 2941 pro
1232 2883 1366 2923 concreto.

290 2946 438 3000 dmeiaudi:
452 2946 514 3000 scil.
530 2948 600 3000 vallo
612 2960 640 3000 et
654 2948 735 3012 loma,
746 2958 806 3001 tur·
892 2949 957 3001 Car.
966 2950 1028 3001 XII.
1044 2968 1067 3003 1.
1082 2950 1134 3019 Qui
1142 2955 1247 3020 primum
1258 2951 1369 3003 elicerent

290 3028 380 3089 tibur,
392 3039 458 3092 etc,
472 3027 513 3079 uti
525 3026 557 3079 fit
571 3046 621 3098 per
634 3028 807 3081 circonvalle-
851 3040 944 3081 mstroe
959 3028 1061 3083 insidiis.
1077 3028 1110 3082 Id
1126 3042 1179 3095 est,
1195 3028 1229 3083 ed
1244 3028 1367 3099 inuidiae,

291 3107 401 3161 tionem.
411 3107 441 3156 V
437 3119 514 3177 oyant
522 3108 633 3178 qu'omoe
638 3112 741 3179 pourtut
752 3108 809 3163 l'in·
852 3106 886 3161 ad
899 3108 989 3161 locum
1002 3109 1049 3161 ubi
1064 3108 1167 3163 ineidiae
1181 3123 1257 3163 eruit
1265 3112 1367 3182 perite.

291 3190 364 3239 vestie
377 3206 433 3239 sans
446 3187 476 3240 de
487 3188 545 3257 plus
553 3188 659 3257 grvida
666 3191 758 3256 forces.
767 3189 809 3244 Ab
852 3189 893 3241 Ita
909 3188 1063 3243 Oberlinus.
1080 3191 1114 3242 Ar
1129 3190 1186 3243 hec
1201 3190 1281 3243 lectio
1296 3192 1368 3245 uarie

290 3266 334 3319 hie
344 3266 623 3332 vehementioribus
634 3268 728 3330 claudi,
739 3269 810 3321 lacu·
852 3268 966 3323 hebetur
985 3269 1013 3321 in
1029 3267 1109 3324 codd.
1125 3269 1194 3335 Atii,
1209 3274 1236 3321 in
1251 3272 1366 3333 inst'dias.

290 3365 326 3399 na
337 3357 408 3399 extat
418 3347 448 3399 in
458 3361 550 3399 nostro
560 3346 620 3401 eod.
631 3348 717 3419 5763,
724 3367 809 3419 usque
852 3348 926 3419 quod
947 3361 986 3403 est
1003 3349 1278 3421 interpretamentum.
1300 3351 1368 3415 Alii,

291 3423 416 3479 adverbii
431 3446 489 3498 cap.
497 3428 646 3499 sequentis:
661 3427 737 3499 Cujus
751 3430 811 3481 moli
853 3430 959 3491 instiiiae,
974 3428 1066 3494 uiii,rir
1079 3430 1184 3492 inedie,
1196 3428 1271 3500 quod
1284 3450 1369 3485 exem·

292 3525 343 3557 sors
355 3506 441 3559 incidit
453 3508 544 3560 Remis.
851 3509 904 3581 plis
924 3507 1031 3562 defendi
1050 3522 1171 3581 poteste
1194 3510 1368 3582 scriptoribus

335 3606 360 3640 a.
375 3587 459 3656 Atque
477 3592 514 3639 ita
534 3607 587 3639 curu
605 3588 653 3640 III
670 3588 719 3658 leg.
739 3588 809 3641 Nam
852 3588 962 3659 optimis
968 3624 977 3655 ,
996 3601 1026 3641 ut
1040 3593 1066 3640 in
1080 3591 1184 3643 uinculis
1198 3594 1326 3660 cucurrere,
1344 3595 1368 3642 in

293 3666 445 3719 Trebonius
459 3684 549 3720 tecum
565 3667 679 3721 habebut
693 3666 760 3724 duat
770 3669 809 3721 le·
852 3673 938 3721 caenis
945 3672 1036 3724 cenin-
1049 3670 1146 3727 Noster
1160 3668 1220 3726 rod·
1234 3672 1322 3741 5764,
1331 3674 1368 3726 iu·

293 3746 384 3815 gionee
399 3745 470 3816 apud
488 3747 627 3800 Carnutet.
644 3746 723 3819 Supr.
740 3766 763 3800 o.
781 3751 808 3801 6.
852 3749 938 3815 sidia,
949 3768 1003 3820 quo
1018 3768 1096 3803 sensu
1109 3751 1206 3805 nereio.

335 3826 362 3878 3.
375 3826 486 3895 Magne.
503 3825 714 3899 Oudendorpiue
729 3826 810 3899 legit,
895 3848 920 3881 n.
931 3828 1025 3899 Quibus
1037 3830 1077 3879 ille
1085 3829 1136 3881 dies
1145 3830 1280 3883 obuenemt.
1294 3830 1369 3885 Ciet-

293 3924 366 3976 φωρ
379 3911 482 3975 uagum
501 3908 524 3959 E
539 3906 593 3962 fide
608 3906 689 3963 unius
709 3905 809 3964 codicis
852 3907 945 3963 conius
964 3907 1103 3975 emendat,
1116 3910 1158 3963 illo
1173 3910 1212 3962 die
1227 3911 1367 3971 oboemnt,

293 3983 645 4057 [eidnecetomneenon
654 3999 808 4058 agnoscunt.
851 4006 918 4043 voce
932 4008 983 4041 som
1005 3988 1154 4045 etthaudita.
1176 3990 1274 4043 Noster
1287 3988 1369 4047 codex

305 4091 308 4104 ι
335 4072 362 4129 4.
383 4066 592 4123 Pabulutionibru.
608 4066 726 4122 Faernus
744 4086 808 4139 pro·
855 4068 1368 4141 57etaprimamanu,ttte10w.tt0n

293 4147 383 4217 posuit
390 4146 590 4217 winberthus,
602 4159 631 4201 et
643 4147 757 4219 Qec
768 4166 809 4202 re·
851 4150 1041 4221 malequoque.
1049 4182 1089 4195 --
1097 4150 1241 4203 otmar.
1250 4150 1369 4216 eitim-

294 4226 372 4296 cepit
389 4228 437 4289 At,
457 4228 547 4299 inquit
564 4228 809 4293 Oberliuumbeue
851 4241 929 4287 uerat
942 4228 1024 4296 Quod
1039 4230 1094 4287 iere
1109 4229 1180 4285 idem
1191 4230 1270 4287 iulet„
