3000 5034
308 445 375 514 DE
401 443 573 513 BELLO
601 443 851 514 GALLICO.
879 444 981 513 ΜΒ(
1000 447 1110 517 VIII.
1173 441 1249 534 465

173 577 294 674 piaque
325 577 601 672 occupabantur,
631 591 669 645 ut
702 573 756 644 vel
785 579 1059 672 exspectatissimi
1091 581 1254 680 triumphi

173 683 285 754 letitia
299 685 434 779 praeeipi
452 698 573 778 posset.
591 685 700 752 Tanta
715 697 788 752 erat
907 685 913 695 '
940 687 1050 754 oentia
1067 687 1157 781 apud
1172 695 1253 783 opu·

173 787 346 879 lentiores,
364 789 527 886 cupiditas
547 788 637 885 apud
654 787 850 859 humiliores
880 785 888 857 l

227 899 302 967 LII.
322 899 438 987 Quum
455 921 572 966 omnes
590 899 741 992 regiones
758 895 875 966 Galliae
893 899 1029 993 Togatae
1047 900 1160 969 Cesar
1174 919 1251 996 per·

173 1005 392 1091 cucurrisset,
411 1028 543 1073 summa
555 1027 633 1072 cum
655 1001 845 1072 ostentate*
864 1003 907 1072 ad
927 1007 1110 1074 exercitum
1129 1009 1251 1077 Neme-

173 1107 374 1182 tocennam²
396 1109 512 1198 rediit,
534 1109 784 1204 legionibusque
803 1135 845 1178 ex
865 1111 1021 1180 omnibus
1041 1112 1189 1183 bibernis
1209 1114 1253 1184 ad

170 1215 257 1289 lines
274 1219 491 1287 Trevirorum
510 1218 673 1304 evocatis,
692 1241 731 1284 eo
752 1215 923 1310 profectus
942 1232 1012 1304 est,
1028 1218 1140 1313 ibique
1159 1245 1253 1289 exer·

173 1325 277 1394 citum
301 1323 454 1394 lustravit
466 1309 487 1391 ³.
507 1326 544 1392 T.
570 1323 757 1392 Labienum
784 1321 903 1392 Galliae
926 1325 1062 1417 Togatae
1085 1327 1254 1420 praefecit,

172 1455 239 1526 quo
265 1430 393 1524 majore
411 1429 701 1500 commendatione
723 1416 980 1498 conciliareturl
995 1429 1038 1499 ad
1060 1431 1254 1504 consulatus

172 1540 378 1632 petitionem.
400 1540 479 1632 lpse
499 1551 631 1606 tantum
646 1537 803 1604 itinerum
818 1534 978 1623 faciebat,
995 1553 1160 1632 quantum
1174 1541 1254 1609 satis

173 1668 244 1714 esse
264 1644 308 1714 ad
325 1646 543 1714 mutationem
562 1641 731 1729 locorum,
751 1655 891 1737 propter
912 1641 1158 1732 salubritatem,
1175 1647 1256 1714 exis·

174 1751 322 1821 timebat
351 1752 404 1821 Ibi
433 1775 625 1846 quanquam
654 1750 774 1820 crebro
806 1747 978 1838 audiebat,
995 1749 1183 1820 Labienum
1211 1752 1254 1820 ab

156 1859 318 1928 ,inimicis
339 1861 406 1928 suis
425 1857 593 1928 sollicitari
605 1841 637 1945 ⁵3
657 1854 847 1949 certiorque
859 1854 980 1944 fiebat,
999 1856 1034 1924 id
1055 1859 1111 1952 agi
1130 1865 1254 1952 pauco·

174 1991 250 2034 rum
270 1963 434 2052 consiliis,
457 1979 512 2052 ut,
532 1957 727 2058 inteiposita
748 1976 883 2054 senatus
904 1965 1124 2048 auctoritate,
1145 1962 1256 2059 aliqua

175 2196 283 2238 auctore
294 2181 413 2249 Isidoro,
431 2191 471 2236 est
485 2181 692 2246 coenaculum,a
735 2179 831 2249 legunt
836 2177 893 2230 sine
899 2198 1013 2250 priapos.
1018 2181 1172 2254 Utrumque
1177 2185 1254 2238 bene.

174 2265 260 2318 tribus
275 2263 379 2316 lectulis
394 2261 621 2316 discumbentium
635 2259 691 2312 die·
784 2276 809 2310 ².
844 2258 1053 2313 Nemetocennam.
1075 2261 1147 2315 Vide
1173 2282 1254 2336 supra

175 2357 226 2398 tus.
235 2345 285 2417 Ap.
297 2355 361 2396 vett.
373 2343 563 2409 enim,inloco
574 2341 621 2392 ubi
630 2358 693 2392 con·
730 2355 794 2408 cap.
810 2339 864 2402 46,
879 2349 907 2388 et
921 2336 1002 2391 indic.
1015 2358 1104 2410 geogr.

174 2425 239 2478 vivii
252 2435 394 2497 apparatus
412 2422 629 2496 exponebantur,
639 2431 692 2471 tres
779 2416 805 2468 3.
816 2416 901 2486 Ibique
908 2423 1036 2469 excretam
1046 2421 1165 2474 maurit.
1175 2422 1256 2475 Exer-

175 2517 252 2561 eraut
266 2504 359 2557 lectuli
376 2503 468 2569 strati,
483 2503 512 2554 in
527 2502 624 2572 quibus
641 2497 692 2552 dis·
736 2495 821 2548 citum
838 2496 965 2563 lustrare,
981 2509 1021 2549 est
1036 2499 1142 2570 expiare
1157 2502 1254 2554 solem·

174 2586 329 2638 cumbentes
335 2584 523 2656 epulabantur.
533 2583 611 2638 Κλίνη
620 2579 692 2634 enim
735 2575 817 2627 nibus
825 2575 969 2629 sacrificiis.
977 2575 1059 2642 Quod
1068 2577 1149 2631 fiebat
1160 2582 1194 2632 ab
1203 2582 1256 2633 im·

175 2683 259 2736 graece
275 2665 348 2716 lectus
367 2663 467 2717 dicitur
482 2682 489 2716 :
507 2661 580 2715 uude
592 2663 693 2715 factum
736 2653 923 2726 peratoribus,
938 2657 981 2708 vel
1000 2675 1085 2728 quum
1104 2657 1138 2710 'ad
1152 2678 1255 2714 novum

175 2757 208 2798 ut
215 2741 361 2798 triclinium
372 2743 515 2796 diceretur.
528 2743 622 2796 Horat.
633 2743 653 2794 l.
664 2760 689 2807 1,
736 2735 884 2788 exercitum
896 2735 1052 2804 veniebant,
1063 2736 1110 2790 v‘el'
1120 2757 1205 2809 quum
1219 2739 1255 2794 de
1346 2797 1348 2799 .

176 2825 229 2878 Sat.
239 2843 279 2893 tv,
289 2825 337 2892 86,
346 2837 399 2878 tres
408 2825 489 2877 lectos
498 2843 548 2896 pro
558 2823 690 2876 triclinio:
735 2815 877 2887 provincia
892 2813 1070 2885 decedebant,
1086 2819 1174 2872 velte
1187 2821 1256 2874 bene

174 2939 176 2954 .
198 2908 264 2967 §ape
275 2904 352 2950 tribus
363 2905 429 2950 lectis
440 2905 520 2950 videas
531 2919 622 2950 coenare
634 2919 691 2964 qua·
736 2907 821 2966 gesta,
831 2894 873 2946 vel
887 2907 953 2948 ante.
963 2898 1095 2967 pralium.
1109 2900 1256 2954 Lustratio·

283 2977 370 3014 “mm-
537 2967 599 3014 ⁰01²·
735 2976 779 3027 uis
802 2974 935 3047 ejusmodi
954 2979 1107 3049 exemplum
1128 2979 1258 3035 babemus

217 3049 505 3104 &Hunuttompetsn
514 3045 691 3120 Scalig.Leid.
737 3052 810 3126 apud
822 3055 881 3108 Lis.
892 3074 941 3122 xa,
956 3074 1014 3127 cup.
1028 3061 1045 3110 6
1058 3075 1064 3109 :
1079 3059 1157 3110 Prior
1170 3060 1255 3114 bostem

176 3149 218 3202 pr.
235 3131 314 3184 Voss.
338 3129 428 3184 etalii
446 3129 546 3182 babent
568 3129 690 3190 meliores,
731 3134 1257 3206 parsaddennamposterioradlaeeamvt'oe

176 3210 252 3282 quasi
272 3211 351 3262 vellet
376 3209 489 3264 inuuere
512 3208 693 3280 opulentiores
733 3218 842 3283 panicio.
852 3214 921 3280 Inter
934 3215 1199 3289 haudimons-copim
1214 3242 1258 3272 ar·
1299 3280 1303 3285 .

176 3289 401 3362 magnificentiam
412 3299 556 3345 ostentasse
573 3305 649 3342 susm
664 3287 692 3340 iu
738 3303 810 3344 natae
819 3293 987 3348 masuam.
997 3295 1059 3350 Mos
1072 3297 1188 3369 deniqtse
1200 3315 1259 3354 erat

175 3367 693 3439 hmoecssionenednonequumfflro·
736 3367 1260 3448 lustrationis,sacrilicioperacto,exer·

175 3452 328 3522 pensiorem
350 3450 471 3502 animum
491 3449 520 3500 'm
544 3447 693 3514 Caesarem,
737 3451 837 3519 citum,
845 3466 872 3505 et
880 3451 979 3507 divisas
987 3454 1189 3512 biiarismacies
1197 3479 1260 3512 oon·

177 3531 284 3584 melione
298 3549 363 3584 vero
378 3529 552 3601 cupiditatem,
570 3527 693 3580 volunta·
737 3549 846 3585 currere
853 3530 888 3584 ad
894 3533 1067 3591 simulacrum
1074 3555 1179 3608 pugnae.
1185 3539 1258 3594 Gon.

177 3607 694 3679 tem,etstudiumsuum.Atsimplicius
780 3619 806 3675 4.
824 3611 1010 3667 Conciliantur.
1021 3613 1260 3677 Civibusaomanis

177 3688 354 3761 Oudendorp.
368 3691 516 3762 suspicatur
524 3688 594 3741 hanc
602 3687 694 3744 lectio-
737 3692 767 3744 in
778 3691 879 3759 Gallia,
890 3693 1012 3764 suffragii
1019 3697 1062 3765 jus
1074 3697 1245 3753 habentibus.

176 3786 240 3825 nem
248 3781 339 3824 ustam
349 3788 381 3824 ex
392 3787 483 3824 errore
492 3767 694 3840 scribarumqui
781 3772 807 3826 5.
828 3772 1110 3829 mensunusum.
1130 3777 1157 3829 Is
1171 3779 1261 3852 reipsa
1286 3795 1289 3798 ’

177 3847 246 3922 steps
253 3850 376 3904 scribunt
383 3849 440 3902 sine
447 3851 477 3902 rt
486 3849 510 3910 t.
521 3849 658 3915 undum,
668 3861 696 3902 ut
737 3852 970 3907 sollicitationibus
985 3853 1084 3919 cessit}
1103 3874 1168 3910 nam
1188 3858 1262 3912 stetit

179 3930 293 3992 Oneum,
311 3929 427 4002 Omtuu,
442 3926 516 4000 quod
526 3945 582 3982 non
595 3930 694 3984 intelli·
738 3931 909 4004 Pompeianis
924 3933 1062 4005 partibus,
1076 3947 1103 3987 et
1119 3937 1171 3988 tuit
1191 3938 1263 3992 inter

177 4021 268 4081 gentes
285 4009 345 4076 atii,
366 4027 417 4082 pro
440 4008 557 4066 untiliores
573 4008 695 4080 legerunt
739 4010 850 4067 Caesam
861 4012 951 4066 hostes
963 4014 1214 4083 infensissimos,ut
1222 4019 1264 4073 vi·

178 4090 292 4142 madores.
600 4116 603 4122 ·
677 4125 679 4132 ·
739 4089 803 4144 dere
811 4092 1262 4154 licetinBeIlocivilietinLucsu.

218 4166 284 4222 Cer.
297 4168 357 4222 LII.
377 4186 401 4222 1.
420 4165 482 4235 Qum
495 4168 626 4224 eeleritate.
641 4169 696 4226 dlii
738 4171 831 4226 Pbars.
842 4172 892 4234 lib
901 4191 930 4241 a,
939 4174 995 4237 346
1004 4193 1013 4241 3
1022 4185 1050 4226 et
1059 4192 1101 4242 u,
1114 4175 1178 4230 tto.
1192 4189 1195 4194 “

243 4277 359 4362 t*
1061 4287 1111 4374 30
