3000 5034
288 485 364 580 498
673 487 749 554 nn
774 485 986 554 cannis

285 621 324 690 iis
345 620 512 716 pecudum
531 633 565 687 et
586 642 684 687 suum
703 641 840 712 greges,
858 633 897 686 ut
918 642 1074 712 sagorum
1094 633 1129 686 et
1142 617 1349 688 salsamento

285 753 359 796 rum
377 729 505 821 copiam
528 719 597 797 non
614 727 730 794 Romae
753 738 883 793 tantum
904 724 1136 818 suppeditent,
1154 724 1211 794 sed
1232 740 1265 794 et
1284 723 1348 819 ple·

284 836 394 928 risque
414 832 517 902 Italiae
534 831 720 927 partibus.»
738 835 819 900 Haec
836 832 883 898 ita
898 832 1026 900 Strabo.
1045 830 1097 900 Ad
1114 830 1261 926 politiam
1275 829 1350 900 Gal·

283 938 392 1008 lorum
420 955 562 1008 transeo.
594 941 677 1007 Erat
704 952 816 1005 autem
846 936 1000 1031 simplex,
1026 940 1121 1008 sicuti
1139 938 1352 1007 conveniebat

283 1047 409 1141 populo
428 1044 497 1139 jam
518 1046 669 1138 antiquo,
683 1045 753 1137 jam
769 1042 899 1113 cultura
920 1042 1028 1138 aliqua
1046 1043 1089 1112 ad
1110 1046 1273 1138 optimum
1292 1045 1350 1111 rei·

282 1151 423 1247 publicae
444 1167 567 1220 statum
581 1151 779 1236 informato,
791 1149 849 1218 sed
859 1150 1009 1220 nondum
1020 1150 1204 1245 perpolito,
1217 1151 1350 1244 ideoque

281 1284 350 1328 non
372 1257 518 1345 luxuria,
546 1259 721 1353 pravisque
743 1257 870 1325 artibus
890 1281 972 1350 quas
999 1259 1198 1352 ingenerant
1222 1257 1350 1344 divitia,

185 1389 190 1392 ·
282 1381 316 1434 et
336 1367 483 1460 potentia
501 1360 681 1432 debilitato.
698 1365 804 1431 Erant
814 1369 1021 1458 generatim,
1033 1379 1072 1432 ut
1089 1365 1136 1432 ait
1153 1365 1351 1458 Caesar,per

281 1488 396 1567 gentes
416 1471 591 1540 distributi.
610 1472 761 1563 Quaeque
783 1495 879 1562 gens,
905 1470 1021 1539 civitas
1043 1470 1148 1557 dicta,
1174 1496 1234 1540 suo
1255 1496 1349 1565 pecu·

281 1576 353 1648 liari
384 1579 459 1672 jure
495 1577 677 1646 fruebatur.
706 1578 769 1644 Hic
811 1601 905 1671 reges
927 1579 1096 1671 perpetui,
1117 1577 1177 1646 sed
1200 1580 1255 1672 qui
1273 1602 1349 1646 non·

281 1684 379 1754 nullis
396 1685 430 1753 in
443 1684 671 1754 occasionibus
695 1685 1038 1778 revocaripoterant,
1057 1708 1269 1778 quorumque
1295 1710 1349 1778 po·

279 1795 381 1860 tentia
399 1793 535 1886 exiguos
549 1793 635 1858 intra
647 1791 805 1858 terminos
818 1791 1061 1875 continebatur5
1080 1791 1124 1858 ibi
1144 1793 1349 1886 magistratus

279 1900 401 1986 annui,
416 1896 468 1966 vel
485 1897 569 1984 duc,
582 1894 635 1964 vel
648 1894 775 1990 plures,
787 1910 827 1963 ut
841 1891 930 1989 apud
942 1896 1068 1965 AEduos
1077 1889 1346 1992 (vergobretus).

279 2005 461 2073 Armoricae
473 2004 621 2072 civitates
636 2001 792 2069 videntur
805 2001 848 2070 ad
865 2002 1103 2072 democratiam
1121 2008 1348 2098 propensiores

249 2101 253 2110 ’
280 2110 397 2197 fuisse,
420 2133 498 2176 nam
520 2111 630 2176 Caesar
651 2133 713 2178 nec
737 2106 779 2175 de
801 2110 1065 2201 magistratibus,
1094 2134 1157 2178 nec
1180 2109 1347 2182 declienti-

280 2215 343 2284 bus
356 2241 473 2284 eorum
485 2214 648 2308 loquitur,
670 2213 762 2306 quod
775 2240 843 2282 non
860 2218 991 2284 mirum
1005 2231 1055 2285 est
1074 2215 1126 2284 de
1131 2216 1265 2312 populis
1279 2241 1348 2286 oras

280 2325 462 2390 maritimas
479 2320 704 2390 habitantibus
711 2335 830 2414 atque
841 2346 939 2391 unice
950 2347 1152 2392 commercio
1161 2324 1288 2394 deditis
1300 2298 1386 2392 De

282 2431 407 2498 caeteris
427 2429 481 2496 adi
503 2431 668 2496 Caesarem
688 2426 829 2520 ipsuml.
846 2452 893 2497 vr
913 2431 1021 2523 capite
1040 2427 1106 2516 13,
1118 2445 1152 2498 et
1169 2456 1256 2525 seqq
1275 2434 1348 2499 Haec

279 2550 410 2604 tantum
423 2561 463 2604 ex
475 2532 739 2621 Strabone,loco
750 2536 805 2602 cit.
819 2533 939 2603 addam
953 2561 960 2604 :
977 2525 1223 2630 Ᾰριςοκρατικαὶ
1234 2531 1263 2604 δ’
1276 2535 1346 2611 ἦσαν

280 2641 311 2708 αἱ
328 2641 449 2719 πλείους
467 2653 528 2709 τῶν
543 2649 721 2723 πολιτειῶν,
738 2668 803 2708 m.
813 2650 844 2710 λ.
858 2672 875 2707 <i
885 2641 1020 2737 Pleraeq.
1031 2667 1148 2712 eorum
1160 2643 1347 2739 respublica

204 2787 206 2792 s
279 2747 322 2816 ab
329 2749 542 2843 optimatibus
555 2746 836 2842 gubernabantur.
846 2749 1035 2843 Antiquitas
1051 2774 1157 2818 unum
1176 2752 1347 2846 quotannis

278 2855 479 2948 principem,
495 2857 638 2947 itemque
666 2880 771 2922 unum
792 2855 868 2923 belli
888 2856 1007 2924 ducem
1028 2855 1209 2927 multitudo
1232 2856 1346 2952 delige·
1440 2851 1447 2866 '

278 2955 363 3028 bat:
386 2986 475 3029 nunc
492 2963 722 3028 Romanorum
744 2962 908 3031 mandatis
928 2961 998 3030 fere
1024 2977 1152 3056 parent.
1183 2965 1347 3034 Peculiare

279 3066 450 3160 quidpiam
464 3065 589 3134 habent
602 3068 634 3133 in
645 3067 800 3136 conciliis.
817 3070 850 3136 Si
862 3070 935 3163 quis
946 3070 1035 3137 enim
1046 3069 1175 3148 dicenti,
1182 3072 1348 3165 obstrepat

279 3187 338 3240 aut
357 3168 595 3262 tumultuetur,
611 3173 708 3241 lictor
723 3174 851 3242 accedit
867 3177 981 3244 stricto
998 3175 1124 3263 cultro,
1145 3180 1245 3247 minis
1260 3177 1347 3246 adhi-

279 3277 354 3348 bitis
381 3294 490 3348 tacere
512 3305 589 3348 eum
607 3281 726 3372 jubet:
749 3280 848 3375 idque
868 3283 989 3351 iterum
1011 3307 1050 3351 ac
1071 3285 1170 3352 tertio
1194 3285 1288 3372 facit,
1308 3308 1346 3352 eo

280 3409 349 3454 non
370 3401 543 3455 cessante:
565 3399 696 3454 tantum
718 3412 738 3454 a
761 3413 841 3482 sago
870 3389 941 3481 ejus
969 3389 1103 3461 tandem
1121 3405 1292 3485 amputat,
1313 3403 1348 3457 ut

280 3491 443 3586 reliquum
465 3495 506 3562 sit
521 3492 645 3561 inutile.
663 3491 703 3560 Id
718 3495 765 3562 eis
783 3520 860 3563 cum
875 3494 1102 3590 compluribus
1117 3496 1188 3565 aliis
1202 3497 1347 3565 barbaris

279 3624 457 3669 commune
479 3599 649 3694 est‚.quod
661 3602 827 3668 contraria
844 3605 963 3673 nostris
981 3603 1148 3690 moribus,
1163 3606 1291 3673 ratione
1302 3603 1346 3668 vi-

277 3721 393 3775 rorum
415 3719 449 3774 et
467 3704 659 3793 mulierum,
683 3703 793 3776 officia
815 3708 941 3777 liabent
961 3709 1144 3778 distributa.
1163 3710 1265 3806 Apud
1280 3708 1347 3778 uni·
1437 3700 1441 3709 ’

164 3885 175 3905 κ
277 3837 391 3882 versos
415 3828 526 3881 autem
548 3813 616 3881 fere
645 3814 708 3881 tria
729 3814 902 3883 hominum
931 3831 1008 3886 sunt
1041 3841 1183 3911 genera,
1216 3842 1290 3910 quae
1313 3817 1345 3882 in

276 3911 434 4014 singulari
456 3919 622 3988 habentur
641 3920 796 3989 honore:
825 3922 938 4010 Bardi,
967 3926 1093 4012 Vates,
1119 3938 1154 3991 et
1185 3922 1343 3992 Druidae:

275 4021 397 4094 borum
414 4026 513 4094 Bardi
529 4027 672 4120 hymnos
690 4043 836 4116 canunt,
858 4045 1030 4124 poetaeque
1053 4045 1154 4098 sunt:
1173 4033 1278 4100 Vates
1296 4051 1344 4096 sa·

275 4133 426 4205 crificant
438 4148 472 4203 et
483 4149 637 4208 naturam
648 4160 761 4208 rerum
774 4136 1060 4242 contemplantur:
1075 4136 1213 4232 Druidae
1227 4148 1345 4231 preter
