3000 5034
284 480 360 554 360
416 482 481 549 fc.
508 474 910 549 Jutltfcrusanls
937 471 1212 571 COMMENT.

281 640 345 685 nus
361 611 574 684 ‘clandestinis
599 610 722 681 nuntiis
742 601 1027 703 legationibusque
1040 604 1245 699 ,Allobrogas
1264 600 1355 674 solli·

282 706 392 809 citat-⁸,
407 744 552 814 quornm
569 731 696 786 mentes
706 714 870 784 nondum.
885 712 932 797 ab,
950 711 1119 807 superiore
1140 708 1246 781 bello⁹
1263 734 1355 779 rese·

281 827 368 896 disse
381 826 406 850 ¹⁰
421 824 583 920 sperabat.
592 819 730 891 'Horum
745 819 949 915 principibus
962 819 1140 913 pecunias,
1154 818 1279 887 civitati
1293 840 1355 885 au-

281 947 350 1001 tem
369 932 545 1027 imperium
572 932 673 999 totius
696 928 875 1023 provinciae
902 924 1085 1021 pollicetur.

335 1041 442 1108 LXV.
469 1037 523 1107 Ad
540 1036 603 1105 hos
615 1058 843 1106 omnrscasus
862 1034 995 1127 provisa
1012 1045 1107 1099 erant
1127 1028 1277 1125 praesidia
1298 1053 1359 1099 co·

281 1145 429 1214 hortium
452 1143 594 1212 duarum
611 1157 645 1211 et
657 1142 793 1235 viginti,
814 1164 887 1233 quae
902 1164 943 1207 ex
957 1140 1028 1232 ipsa
1048 1150 1164 1207 coacta
1183 1136 1360 1231 provincia

280 1251 325 1319 ab
352 1254 391 1320 L.
417 1253 548 1321 Caesare
577 1246 708 1344 legato¹
729 1245 773 1315 ad
802 1270 917 1315 omnes
948 1258 1058 1339 partes
1090 1242 1359 1337 opponebantur.

281 1355 414 1440 Heluii,
435 1381 495 1425 sua
517 1370 636 1451 sponte
664 1379 741 1424 cum
770 1352 916 1423 finitimis
938 1350 1051 1445 praelio
1073 1350 1263 1443 congressi,
1284 1346 1376 1442 pel-¹

280 1460 422 1550 luntur,
440 1477 474 1532 et
485 1465 531 1536 ,C.
552 1460 687 1529 Valerio
708 1463 929 1545 Donotauro,
948 1457 1073 1526 Caburi
1094 1455 1185 1544 filio,
1204 1456 1360 1550 principe

281 1570 423 1638 civitatis
440 1622 450 1657 ,
470 1566 763 1663 compluribusque
789 1565 864 1640 ¹aliis
892 1563 1099 1649 interfectis,
1120 1564 1207 1631 intra
1232 1561 1361 1655 oppida

280 1700 462 1769 murosque
486 1672 740 1769 compelluntur.
769 1670 986 1767 Allobroges,
1008 1670 1131 1740 crebris
1153 1668 1196 1737 ad
1218 1666 1359 1736 Rhoda·

280 1805 362 1852 num
386 1780 551 1875 dispositis
574 1778 755 1873 praesidiis,
778 1801 900 1873 magna
928 1801 1004 1845 cum
1017 1799 1110 1845 ⁴cura
1136 1788 1170 1843 et
1187 1773 1360 1869 diligentia

282 1911 360 1955 suos
376 1886 459 1955 fines
476 1880 645 1958 tuentur².
667 1887 802 1972 Caesar,
821 1882 912 1977 quod
931 1868 1066 1953 hostes³
1086 1884 1236 1975 equitatu
1256 1905 1357 1975 supe-

281 2078 391 2131 Norvic.
406 2091 432 2131 et
444 2077 528 2131 editio
540 2080 650 2132 Amstel.
662 2098 676 2130 a
687 2077 795 2131 Davisio
881 2096 907 2147 9.
920 2076 964 2130 Ab
978 2080 1097 2149 superiore
1111 2076 1180 2127 bello.
1191 2074 1295 2129 Novem
1307 2094 1357 2127 an·

281 2160 359 2211 citata
367 2158 648 2211 habentocllemorrim.
660 2158 794 2211 Pessime:
838 2156 868 2210 ni
880 2169 984 2209 tantum
998 2158 1211 2219 intercesserant,
1225 2156 1296 2207 inter
1311 2154 1357 2206 Al·

281 2254 344 2289 narn
352 2236 387 2289 de
394 2238 484 2290 Remis
492 2237 545 2291 hoc
556 2238 617 2289 loco
630 2256 686 2290 non
698 2238 794 2308 agitrrr,
838 2236 1004 2308 lobrogicum
1019 2236 1119 2288 bellum
1136 2246 1163 2288 et
1179 2236 1356 2305 Vercingeto-

280 2318 329 2389 qui
335 2330 398 2387 sunt
404 2317 482 2389 longe
498 2319 532 2369 ab
545 2317 733 2389 Allobrogibus
739 2315 794 2370 dis·
838 2317 902 2387 rigis
915 2310 1120 2369 sollicitationes.

280 2397 333 2451 siti.
348 2398 381 2448 In
397 2398 534 2449 nonnullis
546 2396 625 2458 editis
638 2397 714 2450 libris
731 2398 760 2448 V
757 2397 795 2448 ol·
882 2415 921 2449 1o.
938 2395 1068 2448 Resedisse.
1082 2395 1149 2458 Alii,
1167 2394 1284 2447 residisse.
1300 2394 1354 2447 Ea·

280 2497 362 2528 carum
374 2477 593 2548 Aremicoramque.
607 2476 688 2529 Unde
696 2478 793 2549 interp.
838 2474 900 2528 dem
920 2476 1033 2529 varietas
1045 2474 1167 2528 lectionis
1191 2472 1262 2545 apud
1286 2473 1351 2527 Stat.

279 2574 379 2626 gruona
391 2549 517 2628 Ᾰρεμίκων
532 2577 560 2609 τε
572 2555 614 2609 καὶ
624 2564 674 2609 τῶν
686 2558 791 2610 notzer.
837 2554 910 2627 Sylv.
926 2557 944 2608 l.
960 2574 993 2621 v,
1006 2556 1032 2609 3.
1051 2556 1133 2624 Rogas
1149 2556 1189 2607 ille
1203 2555 1300 2605 deorum
1317 2558 1352 2605 si·

279 2637 342 2689 Non
356 2635 660 2707 dicuntquifuerintisti
666 2636 792 2689 Atemici.
837 2635 915 2687 derat.
930 2635 972 2689 Al.
993 2636 1108 2687 sederat:
1122 2645 1149 2687 et
1171 2633 1243 2707 apud
1259 2634 1351 2687 Senes.

279 2716 360 2770 Certo
380 2729 484 2769 constat
504 2717 602 2769 Volcas
625 2716 793 2768 Arecomicos
836 2706 1170 2787 Trag.Agamemn.261.

277 2795 358 2849 filim
373 2796 474 2849 vicinos
490 2796 582 2848 Volcis
594 2795 792 2865 Tectmgffius,
853 2798 972 2851 *atramque
978 2796 1062 2837 tlnmnis
1069 2797 1110 2849 jem
1118 2796 1236 2837 residentem
1242 2788 1338 2841 insitu.-

320 2879 347 2930 8.
357 2874 522 2930 Nihilominus
536 2875 688 2944 Allobrogas
702 2876 792 2926 sollici·
836 2874 936 2928 Eadem
952 2874 1178 2947 quoqueap.Liv.
1190 2875 1290 2940 l.11,c.
1305 2894 1352 2945 ²9·

278 2965 324 3007 tat.
339 2953 399 3005 Hoc
414 2954 489 3021 loco,
507 2955 600 3024 Turpia
614 2954 645 3005 de
660 2953 755 3017 Crisse',
772 2968 805 3007 t.⁴
838 2956 918 3024 Quum
934 2958 977 3007 lroe
993 2956 1138 3007 resedissent.

276 3050 315 3098 11,
330 3051 358 3102 p.
377 3034 450 3098 115,
464 3034 549 3086 nescit
573 3052 625 3104 qna
645 3032 679 3087 de
693 3052 791 3099 eausa,
877 3032 1351 3105 crp.1.xv.1.AbL.Caesm1ega-

275 3110 342 3163 dum
358 3113 562 3182 Vercingetorix
576 3114 794 3186 Allobrogassol-
836 3126 869 3166 to.
885 3116 916 3167 L.
934 3116 1020 3169 Caesar
1036 3133 1097 3168 cum
1112 3116 1151 3167 M.
1168 3114 1264 3185 Figulo
1284 3134 1349 3167 con·

274 3190 373 3258 linitat,
383 3191 478 3245 eodem
485 3206 606 3264 tempore
615 3192 740 3247 adversus
746 3214 792 3247 eos
833 3194 948 3247 sulatum
959 3196 1038 3266 gessit
1051 3197 1082 3247 A.
1099 3196 1134 3247 U.
1150 3196 1182 3250 C.
1200 3198 1274 3263 690:
1287 3213 1350 3267 pos·

274 3272 422 3336 exercitum
434 3273 539 3338 mittat,
555 3272 629 3344 quod
637 3275 692 3327 suis
707 3275 790 3345 ipsius
834 3286 945 3346 teaque,
960 3287 1020 3327 orto
1033 3276 1105 3329 bello
1118 3274 1206 3338 civili,
1225 3275 1349 3346 Pompeii

274 3350 423 3412 commodis
437 3354 601 3405 contrarium
617 3352 788 3407 demonstrat.
834 3356 955 3424 pertibus
966 3353 1082 3422 studuit;
1092 3356 1192 3407 invisus
1199 3373 1231 3406 eo
1239 3355 1349 3407 nornine

156 3479 159 3484 .
272 3431 789 3505 AtCnsardicitVercing.adversusdl·
833 3446 925 3487 nostro
942 3435 1055 3499 Caesari,
1086 3436 1197 3506 supplex
1225 3435 1348 3505 quamvis

271 3511 396 3582 lobrogas
426 3513 572 3565 exercitum
593 3513 694 3565 misisse
728 3514 789 3584 qui-
833 3514 983 3579 fuisset,ab
996 3534 1028 3567 eo
1042 3514 1196 3569 interfectus
1209 3526 1256 3567 est.
1274 3514 1345 3567 Gon.

272 3587 392 3655 dem,sed
399 3593 495 3663 palom5
505 3592 572 3645 dum
585 3593 654 3655 clam,
663 3591 788 3647 fidelibus
875 3614 901 3647 s.
918 3596 980 3647 Suos
990 3593 1050 3663 fines
1067 3606 1169 3646 meatur.
1179 3593 1214 3646 H.
1228 3593 1246 3645 l.
1260 3594 1346 3646 varie·

270 3672 376 3724 nunciis
391 3691 437 3725 eos
451 3673 616 3725 sollicitabat.
637 3673 788 3745 Allobroges
832 3686 913 3727 tatem
926 3675 1049 3727 lectionis
1062 3694 1098 3727 ne
1111 3685 1273 3727 notaverunt
1285 3674 1345 3744 qui-

270 3763 347 3804 erant
365 3752 492 3805 Romanis
507 3753 589 3817 socii,
609 3770 692 3823 quare
710 3766 787 3806 utro·
830 3752 892 3807 dem
914 3754 1004 3807 Clark.
1018 3755 1107 3808 Daris.
1119 3766 1147 3805 et
1168 3751 1344 3825 Oudendorp.

270 3828 409 3900 quemodo
424 3830 545 3885 tentandi
554 3845 639 3897 erant,
651 3844 678 3885 et
685 3834 786 3903 palam,
829 3834 911 3886 Multi
917 3834 990 3886 enim
997 3834 1097 3886 habent
1105 3853 1160 3885 suos
1167 3845 1270 3885 tuentur.
1280 3833 1345 3886 Nos·

268 3909 356 3962 missis
378 3924 471 3964 contra
491 3930 537 3964 eos
561 3912 662 3983 copiis,
675 3925 702 3965 et
723 3915 786 3965 clam
830 3914 865 3967 tri
884 3910 963 3966 codd.
987 3934 1042 3965 suos
1057 3912 1122 3983 fines
1138 3924 1248 3977 matur,
1264 3930 1343 3984 quam

267 3989 587 4058 sollicitationibus,ntse
600 3991 725 4046 adversus
732 3994 785 4045 Ro·
828 3992 970 4047 lectionem
990 3994 1147 4065 recipimus,
1168 3993 1251 4046 veluti
1275 3992 1343 4063 stylo

266 4068 783 4145 manosdeclararetutopossent,quum
829 4074 939 4127 Caesaris
948 4074 1031 4144 magis
1043 4070 1249 4125 accomodatam.
1258 4072 1342 4125 Grac.

266 4159 328 4199 ante
348 4168 376 4202 se
393 4152 556 4217 exercitum,
571 4153 618 4224 qui
631 4152 787 4217 deficientes,
829 4152 878 4209 int.
895 4154 940 4210 τὴν
958 4160 1023 4225 apin
1042 4152 1124 4223 χώραν
1140 4148 1340 4223 διαφυλάττουσι.

265 4227 431 4294 sublevaret,
447 4230 585 4289 vidissent.
873 4234 899 4291 3.
909 4234 996 4289 cesar
1003 4233 1160 4308 praedicasses.
1171 4233 1232 4289 Jan
1241 4228 1334 4286 monui
