3000 5034
322 491 397 564 208
442 442 444 451 ¹
480 491 690 577 nsuuu
718 490 953 560 cassius
980 469 1285 561 couneus(

319 625 494 713 sprtissime
510 650 664 721 pugnans
686 622 865 694 occiditur.
875 609 949 693 Illil
967 648 1054 718 aegre
1071 624 1115 691 ad
1133 636 1267 694 noctem
1285 646 1393 720 oppu-

319 734 510 827 gnationem
535 734 720 802 sustinent:
739 745 844 827 noctu
869 730 1036 798 adunam
1061 754 1198 817 omnes,
1220 731 1396 827 desperata

320 837 440 927 salute,
455 864 490 909 se
508 840 571 933 ipsi
583 837 797 907 interficiunt.
818 839 921 906 Pauci
938 862 978 906 ex
997 835 1114 931 praelio,
1125 835 1246 932 elapsi,
1259 840 1394 907 incertis

318 946 490 1033 itineribus
512 970 572 1040 per
588 944 686 1014 silvas
703 944 745 1012 ad
760 946 798 1012 T.
815 929 1022 1013 Labienum⁵
1036 942 1182 1038 legatum
1203 945 1238 1011 in
1255 944 1395 1013 hiberna

319 1052 540 1145 perveniunt,
553 1065 652 1145 atque
666 1076 743 1119 eum
757 1050 799 1119 de
813 1050 912 1119 rebus
926 1052 1026 1145 gestis
1039 1052 1216 1119 certiorem
1230 1050 1368 1119 faciunt.

372 1160 571 1229 XXXVIII.
595 1161 667 1227 Hac
678 1158 819 1226 victoria
831 1156 980 1226 sublatus
991 1155 1179 1244 Ambiorix,
1191 1158 1302 1227 statim
1317 1182 1395 1228 curn

319 1266 467 1357 equitatu
493 1265 529 1332 in
551 1263 769 1351 Aduatucos,
800 1263 858 1357 qui
884 1276 981 1331 erant
1007 1262 1080 1355 ejus
1106 1286 1211 1356 regno
1240 1262 1397 1351 finitimi,

318 1370 560 1465 proficiscitur,
574 1396 682 1465 neque
696 1385 848 1457 noctem,
864 1394 972 1463 neque
988 1367 1075 1437 diem
1086 1370 1292 1457 intermittit,
1302 1370 1393 1465 pedi·

319 1491 492 1571 totumque
508 1503 542 1546 se
562 1478 716 1572 subsequi
731 1477 835 1570 jubet.
858 1478 909 1545 Re
926 1476 1153 1545 demonstrata
1163 1474 1186 1564 ¹,
1197 1475 1394 1547 Aduatucis-

319 1608 383 1677 que
393 1586 726 1680 concitatis,postero
736 1582 1394 1679 dieinNemiospememthortaturqum

272 1692 273 1699 ’
323 1719 341 1755 a
350 1716 392 1759 ne
405 1693 495 1760 suiin
504 1707 704 1787 perpetuum
716 1690 889 1778 liberandi,
901 1704 1001 1783 atque
1013 1683 1194 1759 ulciscendi
1206 1691 1393 1780 Romanos,

318 1822 382 1891 pro
410 1799 449 1866 iis
479 1821 562 1892 quas
584 1799 776 1893 acceperint
802 1797 953 1890 injuriis,⁸
971 1798 1181 1867 occasionem
1201 1796 1391 1867 dimittant:

318 1903 510 1973 interlectos
524 1928 594 1973 esse
606 1903 732 2000 legatos
746 1900 845 1990 duo',
857 1910 1080 1998 magnamque
1091 1918 1222 2000 partem
1231 1908 1394 1974 exercitus

260 2068 263 2077 ,
317 2010 467 2079 interisse
483 2010 711 2099 demonstrem
725 2009 891 2079 nihilesse
908 1996 1064 2105 negotii³,
1077 2011 1187 2080 subito
1200 2036 1394 2106 oppressam

318 2114 503 2210 legionem,
530 2141 603 2210 quae
629 2142 708 2187 curn
737 2120 901 2187 Cicerone
928 2117 1072 2204 hiemet,
1097 2117 1263 2206 interfici-3
1289 2142 1327 2186 se
1354 2117 1394 2187 ad

318 2245 391 2291 eam
407 2248 477 2292 rem
493 2222 669 2317 profitetur
686 2224 912 2317 adjutorem.»
931 2222 1039 2293 Facile
1059 2223 1124 2293 hac
1141 2224 1292 2293 oratione
1310 2226 1393 2295 Ner·

316 2329 378 2399 viis
400 2330 587 2423 persuadet.

370 2438 533 2505 XXXIX.
552 2438 686 2531 ltaque,
700 2437 875 2508 confestim
892 2438 1032 2507 dimissis
1048 2438 1178 2507 nunciis
1192 2439 1236 2507 ad
1252 2442 1393 2513 Ceutro-

316 2564 375 2610 nes
383 2540 406 2630 ¹,
416 2544 578 2632 Grndios,
590 2547 756 2633 Levaoos,
766 2542 996 2631 Pleumoxios,
1008 2544 1195 2633 Geidunos,
1207 2546 1265 2639 qui
1278 2570 1394 2614 omnes

317 2649 379 2717 sub
397 2674 514 2719 eorum
532 2651 672 2745 imperio
695 2665 792 2738 sunt,
806 2674 907 2743 quam
929 2652 1089 2719 maximas
1104 2675 1223 2720 manus
1237 2666 1394 2746 possunt,

318 2770 461 2850 cogunt3
483 2756 579 2825 etde
601 2758 783 2852 improviso
805 2756 847 2824 ad
869 2757 1040 2826 Ciceronis
1055 2756 1196 2825 hiberna
1218 2756 1393 2840 advolant,

316 2850 467 2931 nondum
490 2862 533 2930 ad
562 2886 639 2931 eum
661 2862 750 2931 fama
772 2863 814 2932 de
835 2864 955 2931 Titurii
980 2876 1089 2931 morte
1116 2862 1253 2957 perlata.
1282 2860 1392 2935 Huic²

358 3078 384 3141 4,
398 3072 449 3125 Illi.
465 3071 526 3125 scil.
544 3072 591 3144 qui
605 3074 635 3125 in
649 3086 734 3127 castra
749 3092 777 3126 se
791 3092 835 3127 re·
921 3094 947 3128 a.
963 3074 1031 3126 Dua.
1050 3072 1138 3127 codd.
1159 3074 1281 3145 plerique
1296 3088 1324 3127 et
1336 3075 1395 3130 vul·

316 3164 449 3222 ceperant.
471 3152 602 3205 Nonnulli
615 3153 666 3224 leg.
685 3154 736 3207 alii.
758 3153 835 3206 Idem
852 3215 853 3218 Ἴ
877 3166 941 3225 gatt.
955 3153 1024 3206 duos.
1046 3153 1118 3207 Bene
1135 3154 1203 3216 dam
1215 3174 1280 3207 nam
1295 3166 1394 3208 constat

316 3243 364 3285 est.
376 3230 469 3284 Nostri
480 3230 560 3285 codd.
573 3233 619 3285 illi.
879 3253 959 3286 casum
981 3238 1140 3286 accusativum
1159 3236 1286 3287 masculini
1302 3238 1395 3305 generis

358 3308 384 3364 5.
403 3310 451 3364 Aa
467 3312 497 3365 T.
522 3312 664 3366 Labienum.
693 3312 835 3368 Hiemabat
878 3313 984 3367 hocvel
995 3314 1042 3366 illo
1056 3313 1138 3367 modo
1152 3315 1292 3369 enunciari
1310 3333 1392 3386 posse.

247 3400 249 3405 '
316 3391 346 3444 in
356 3391 498 3457 Remis,in
511 3392 631 3445 confinio
642 3394 834 3459 Trevirorum,
878 3394 971 3447 Nostri
981 3406 1070 3447 autem
1080 3392 1161 3447 codd.
1170 3395 1239 3449 daos.
1259 3393 1324 3447 Vid.
1336 3405 1393 3447 not.

316 3490 388 3541 supr.
399 3490 423 3525 c.
442 3477 488 3534 ai.
503 3473 623 3527 Thomas
634 3472 772 3527 Hubertus
784 3486 836 3528 tra·
879 3471 913 3526 ad
927 3493 985 3539 vrr,
999 3474 1044 3527 33.

316 3544 357 3603 dit
369 3548 482 3603 Labieni
493 3565 578 3605 castra
587 3553 666 3605 luisse
680 3554 728 3606 sita
744 3552 778 3606 ad
787 3552 837 3607 flu·
921 3554 947 3607 3.
959 3554 1033 3607 Nihil
1037 3574 1088 3606 esse
1097 3558 1198 3625 negotii.
1211 3552 1275 3607 Non
1284 3551 1394 3610 ,difficile

315 3630 391 3683 vium
407 3626 504 3699 Sabin,
529 3633 558 3685 in
579 3651 610 3686 eo
629 3633 689 3685 loco
705 3634 754 3687 ubi
772 3653 835 3705 pos·
879 3645 919 3686 est
927 3634 1061 3705 legionem
1070 3633 1194 3687 interfici.

315 3722 358 3763 tea
372 3713 563 3765 monasterium
579 3713 984 3783 Leobiense,quin-Cs1³.
998 3714 1127 3766 XXXIX.
1142 3732 1167 3767 1.
1181 3708 1393 3768 CeutmncsNid.

316 3791 441 3861 quaginta
453 3792 520 3845 mill.
531 3811 600 3865 pass.
611 3810 626 3844 a
640 3792 731 3845 castris
744 3792 836 3846 Sabini
878 3790 961 3845 indic.
974 3812 1063 3864 geogr.

317 3883 344 3923 et
355 3870 450 3924 Cottae.
606 3878 608 3882 ’
922 3893 947 3925 a.
959 3873 1035 3925 Huic.
1049 3873 1111 3927 scil.
1129 3872 1249 3926 Ciceroni.
1266 3870 1349 3927 codd.
1367 3883 1397 3925 et

356 3950 421 4003 Car.
441 3950 601 4005 XXXVIII.
627 3969 653 4004 1·
676 3953 714 4005 Rc
737 3952 836 4005 dmon-
878 3965 943 4007 vett.
958 3951 1020 4006 edd.
1040 3952 1160 4024 plerique
1175 3954 1275 4007 habent
1294 3954 1336 4004 tac
1349 3951 1396 4005 vel

314 4041 402 4090 atrata.
426 4030 572 4102 Postquam
594 4050 670 4085 suam
695 4034 836 4087 victoriam
879 4034 943 4087 duic.
957 4036 993 4086 At
1002 4034 1147 4085 Hotoman.
1164 4035 1283 4104 primus,
1296 4029 1396 4084 deinde

316 4122 484 4176 narraverat,
497 4110 602 4183 etquid
612 4112 640 4167 in
654 4113 835 4173 animchabe·
879 4114 1014 4179 Davisius,
1028 4112 1204 4168 emendarunt
1222 4126 1249 4166 et
1269 4128 1396 4183 reposue-

317 4200 359 4244 ret
373 4204 538 4261 exposuerat.
558 4192 596 4256 M.
732 4246 734 4251 ,
880 4206 945 4247 runt
956 4194 1011 4260 tim
1027 4212 1083 4247 non
1093 4194 1245 4261 malemein
1260 4209 1333 4263 grec·
1349 4190 1396 4243 ln·
1488 4177 1489 4270 l
