3000 5034
296 433 344 505 50
441 437 478 505 C.
506 432 647 501 JULII
676 430 911 500 CAESARIS
938 432 1215 505 COMMENT.

291 561 392 663 atque
413 568 564 660 aequitate
581 562 811 634 conditionum
828 579 1018 659 perspecta,
1030 590 1108 634 eum
1126 591 1235 664 neque
1256 594 1368 658 suam,

293 699 400 770 neque
421 698 464 768 po
489 669 535 738 uli
556 672 687 740 romani
707 672 850 765 gratiam
871 671 1133 767 repudiaturum.
1150 675 1297 768 Quod
1272 701 1299 744 si
1316 677 1368 746 fu-

292 807 367 851 rore
378 697 488 872 arqui)
487 779 631 846 amentia
640 777 802 872 impulsus
814 777 938 847 bellum
949 778 1221 876 intulisset,quid
1233 783 1370 855 tandem

291 883 512 956 vererentur?
533 899 593 954 aut
615 910 676 954 cur
698 884 740 954 de
763 871 848 954 sua⁶
868 887 1009 974 virtute,
1032 902 1090 956 aut
1109 889 1183 957 de
1174 891 1276 984 ipsius
1297 890 1370 960 dili·

289 994 399 1089 gentia
416 990 652 1112 desperarent?
666 993 853 1060 Factum
824 1017 897 1086 ejus
911 994 1016 1064 hostis
1031 995 1217 1089 periculum
1235 1011 1371 1091 patrum

288 1114 480 1168 nostrorum
491 1100 668 1187 memoria,
676 1122 799 1193 quum,
808 1101 955 1170 Cimbris
964 1104 1164 1172 etTeutouis
1175 1127 1195 1171 a
1206 1105 1245 1172 C.
1258 1105 1371 1174 Mario

287 1204 408 1301 pulsis,
422 1231 492 1275 non
513 1207 677 1275 minorem
697 1204 829 1275 laudem
849 1209 1031 1296 exereitus,
1049 1212 1178 1304 quami
1202 1235 1237 1278 se
1257 1211 1369 1305 Impe-

287 1328 396 1401 rator,
414 1314 552 1383 meritus
569 1313 768 1382 videbatur:
784 1313 929 1382 lactum⁷
945 1317 1044 1383 et-'am
1066 1341 1174 1410 nuper
1207 1318 1242 1384 in
1255 1315 1369 1406 Italia,

286 1419 397 1489 servili
418 1420 590 1508 tumultu,
613 1445 697 1514 quos
724 1433 837 1488 tamen
860 1341 1001 1514 aliquid
1004 1445 1085 1490 usus
1114 1446 1154 1491 ac
1178 1422 1369 1517 disciplina,

285 1553 386 1622 quam
401 1551 422 1595 a
440 1527 536 1597 nobis
555 1529 783 1621 accepissent,
801 1525 1013 1594 sublevarent
1026 1525 1048 1594 ⁹.
1068 1530 1120 1595 En
1142 1529 1370 1622 quujudicari

285 1650 415 1730 posset,
431 1650 592 1730 quantum
611 1633 751 1701 haberet
768 1634 803 1699 iu
825 1646 860 1700 se
875 1633 955 1718 boni
972 1628 1175 1722 constantim
1190 1651 1371 1730 propterea

284 1742 392 1836 quod,
408 1767 491 1836 quos
506 1740 530 1765 ¹⁰
548 1738 739 1833 aliquandiu
752 1739 899 1812 inermos
919 1735 942 1762 ¹¹
961 1740 1033 1808 sinc
1050 1763 1152 1809 causa
1165 1742 1370 1834 timuissent,

283 1849 345 1917 hos
367 1863 483 1942 postea
502 1859 647 1915 armatos
667 1869 706 1912 ec
728 1846 873 1914 victores
885 1843 1111 1940 superassent.
1132 1849 1286 1942 Denique
1305 1849 1370 1920 hos

283 1981 356 2024 esse
368 1952 522 2022 eosdem¹
526 1952 759 2071 ²‚quibuscum
775 1977 1006 2046 saepenumero
1021 1953 1166 2024 Helvetii
1180 1960 1369 2051 congressi,

261 2087 351 2130 non
371 2059 504 2130 solum
495 2086 531 2127 m
552 2060 641 2147 suis,
660 2057 718 2128 sed
738 2060 839 2128 etiam
860 2061 895 2128 iii
913 2058 1046 2130 illorum
1064 2060 1186 2131 linibus
1194 2061 1367 2157 ,·plerum

282 2193 347 2262 que
361 2167 639 2286 superarint,qui
656 2180 770 2234 tamen
784 2191 882 2262 pares
903 2193 975 2237 esse
997 2183 1113 2238 nostro
1130 2171 1368 2245 exerciturnon

281 2275 461 2370 potuerint
487 2275 523 2342 Si
545 2297 628 2368 quos
653 2272 832 2362 adversum
850 2271 1019 2370 pralium,
1037 2290 1072 2346 et
1088 2275 1169 2372 fuga
1191 2275 1367 2347 Gallorum

282 2395 528 2468 commoveret,
542 2381 621 2468 lios,
640 2382 666 2449 si
684 2373 889 2474 duaererent,
901 2385 1048 2478 reperire
1072 2408 1186 2479 posse,
1200 2383 1367 2454 diuturni·

193 2555 195 2565 Α
282 2503 350 2558 tate
377 2487 454 2557 belli
482 2487 669 2582 defatigatis
698 2487 830 2577 Gallis,
858 2490 1087 2586 Ariovistum,
1109 2515 1212 2584 quum
1243 2490 1386 2566 multos.

281 2622 412 2666 menses
431 2597 548 2665 castris
565 2620 600 2664 se
619 2619 658 2663 ac
677 2593 854 2689 paludibus
873 2597 1050 2686 tenuisset,
1066 2622 1173 2692 neque
1192 2599 1243 2667 sui
1260 2614 1369 2692 potes-

282 2719 384 2772 tatem
409 2699 557 2790 fecisset,
582 2701 796 2796 desperantes
821 2703 892 2797 jam
923 2703 965 2772 de
992 2729 1106 2803 pugna
1136 2719 1170 2772 et
1199 2703 1367 2799 dispersos

283 2811 393 2878 subito
412 2809 588 2897 adortum,
601 2831 657 2876 ma
681 2811 707 2877 is
726 2811 855 2878 ratione
877 2825 910 2879 et
928 2809 1083 2899 consilio,
1100 2834 1200 2904 quam
1221 2813 1367 2902 virtute,

282 2918 409 2984 vicisse.
434 2917 498 2983 Cui
520 2913 661 2982 rationi¹
702 2931 820 2985 contra
837 2917 989 2986 homiues
1006 2917 1167 2986 barbaros
1185 2933 1285 3012 atque
1304 2923 1366 2988 im·

282 3025 407 3118 peritos
427 3020 520 3090 locus
538 3021 670 3110 fuisset,
690 3023 755 3091 hac
777 3049 820 3092 ne
840 3024 949 3118 ipsum
967 3024 1102 3118 quidem
1119 3050 1274 3120 sperare,
1288 3052 1366 3096 nos·

325 3227 353 3278 6.
374 3224 415 3275 De
430 3241 483 3275 sua.
495 3221 536 3274 De
547 3241 591 3274 sua
603 3215 751 3286 (militurn)
760 3234 804 3275 out
848 3239 955 3294 quoquc
970 3223 1036 3277 olim
1051 3226 1136 3279 locuti
1149 3240 1211 3279 sunt
1230 3225 1292 3280 Sall
1307 3226 1365 3282 Cic.

284 3305 314 3357 de
330 3307 403 3376 ipsius
419 3294 562 3366 (Caesaris)
582 3301 717 3372 diligentia.
734 3303 773 3355 Μ.
848 3303 925 3376 Virg.
938 3303 1045 3359 AEneid
1057 3326 1089 3372 x,
1106 3308 1174 3373 425,
1185 3305 1250 3360 ibid.
1265 3308 1368 3374 131,et

325 3403 352 3455 7.
374 3383 486 3436 Factum.
502 3379 674 3434 Subauditur.
692 3381 726 3435 id
849 3383 902 3437 alii
922 3384 991 3440 cod.
1011 3398 1098 3439 tamen
1119 3400 1210 3440 noster
1231 3389 1265 3440 R.
1288 3388 1364 3457 5764

326 3467 353 3518 8.
367 3465 460 3533 Nuper.
478 3462 539 3515 Scil
557 3459 678 3513 debello
698 3463 803 3529 servili,
847 3463 954 3518 habet·
943 3487 1049 3520 inermes.

284 3557 346 3618 post
365 3543 531 3598 Cimbricum
554 3541 654 3594 bellum
675 3541 804 3613 loquitur.
893 3547 1139 3598 12.Esseeosdem
1156 3545 1246 3615 Vulgo
1262 3542 1367 3600 addunt

285 3623 351 3678 vid.
368 3623 477 3694 epitom.
494 3640 530 3692 97
547 3621 665 3674 luviano
677 3622 804 3675 historie.
851 3621 995 3677 Germanos.
1011 3622 1081 3677 Edd.
1100 3643 1207 3694 quoque
1220 3637 1286 3679 vett.
1301 3626 1366 3681 Ger-

327 3725 354 3773 9.
375 3703 540 3756 Sublevarent.
557 3701 627 3772 Lege
642 3702 802 3776 subiecerint,
849 3721 932 3754 manos
945 3704 989 3755 lios
1003 3723 1053 3755 esse
1066 3703 1168 3756 eosdem.
1186 3704 1238 3757 ΟΒ.

286 3804 328 3838 res
344 3784 417 3836 enirn
431 3782 566 3854 preterita
579 3793 626 3834 est.
643 3781 682 3834 M.
893 3783 938 3836 13.
961 3783 1011 3836 Cui
1036 3787 1139 3846 rationi,
1167 3796 1214 3838 etc.
1237 3783 1314 3838 Ordo
1339 3801 1368 3840 et

331 3883 376 3917 10.
400 3863 477 3932 Quos.
495 3861 555 3916 scit.
573 3879 670 3914 servos.
849 3879 957 3914 sensus:
972 3881 1006 3914 ue
1020 3863 1108 3935 ipsum
1122 3863 1232 3936 quidem
1246 3865 1366 3920 Ariovis-

331 3963 376 3996 11.
397 3943 512 3995 Iuennos.
541 3942 613 3994 Bene
634 3945 746 4002 iremus,
772 3959 806 3993 ex
849 3953 906 3995 tum
916 3961 1023 4014 sperare
1032 3957 1137 3997 nostros
1147 3946 1277 3999 exercitus
1288 3965 1366 4018 posse

288 4023 367 4079 codd.
378 4041 433 4076 non
448 4028 554 4076 mermes.
564 4021 605 4072 Ita
617 4038 684 4092 saepe
696 4020 724 4072 in
738 4021 804 4074 Caes.
849 4021 1037 4077 circumveniri
1048 4025 1098 4078 ista
1113 4037 1184 4092 arte,
1194 4045 1253 4097 que
1263 4044 1365 4097 praeva·

288 4105 363 4158 MSS.
386 4102 506 4174 passim,
537 4099 657 4163 adclivis,
683 4099 803 4164 decb'vus,
848 4101 939 4156 luisset
958 4102 1082 4159 adversm
1101 4107 1222 4159 homines
1237 4106 1365 4160 barbaros

286 4185 420 4257 melicus,
431 4195 482 4236 etc.
498 4181 552 4235 Pro
566 4179 679 4244 adclivis,
698 4193 747 4235 eto.
765 4182 806 4236 Ita
848 4194 876 4238 et
890 4185 930 4238 rei
945 4185 1066 4240 militaris
1081 4187 1227 4259 imperitos.
1244 4185 1317 4241 Gon.
