3000 5034
334 476 405 548 un
430 475 883 552 ustiocmmco.
911 476 1007 544 Lm.
1035 475 1061 542 ι.
1182 473 1235 570 39

161 622 272 676 tenere
294 610 440 740 AEdpoe,
456 608 592 682 alterius
605 595 805 681 Arvernosl
818 610 863 685 Ili
879 631 984 702 quum
1003 619 1176 701 tantopere
1193 607 1237 680 dc

158 702 364 808 '⁵pctontotu
382 718 473 786 intor
498 741 533 786 se
561 715 684 786 multos
709 741 815 786 annos
835 714 1093 802 contenderent,
1111 714 1237 784 factum

161 845 249 911 esse,
268 824 321 890 uti
351 823 394 892 ab
421 824 580 894 Arvernis
610 825 836 916 Sequanisque
867 823 1028 892 Germani
1055 768 1239 892 niercetlc⁶

162 944 419 1004 arcesserentur.
447 933 578 1001 Horum
600 932 709 1025 primo
729 930 862 1000 circiter
881 926 985 999 millio
998 929 1065 1000 XV
1081 905 1242 1000 Rhenum

162 1037 321 1110 transisse
341 1061 350 1102 :
369 1050 586 1130 posteaquam
605 1061 705 1130 agros
725 1050 761 1106 ct
779 1034 908 1106 cultum
927 1047 962 1104 et
982 1033 1116 1129 copias⁷
1131 1032 1243 1106 Gallo·

162 1165 235 1210 rum
271 1141 427 1212 homiues
456 1143 517 1212 fcri
554 1168 595 1212 ac
634 1143 769 1215 barbari
807 1142 1046 1229 adunassent,
1068 1140 1241 1214 traductos

162 1245 299 1340 plures:
323 1269 414 1320 nunc
436 1273 506 1321 esse
528 1251 562 1324 in
575 1247 683 1321 Gallia
704 1250 747 1318 ad
768 1252 797 1320 C
819 1265 854 1329 et
874 1252 942 1320 XX
963 1247 1104 1319 millium
1124 1273 1241 1318 nume

162 1377 259 1422 rum:
280 1379 359 1425 cum
387 1356 439 1426 his
466 1355 816 1449 AEducs,'eorumque
842 1341 1005 1427 clientcs⁸
1024 1353 1124 1426 semel
1143 1371 1244 1449 atque

162 1461 283 1532 iterum
313 1464 415 1532 arinis
445 1463 654 1534 contendisse
669 1489 679 1550 3
697 1486 855 1556 maguam
884 1460 1106 1532 calamitatem
1128 1461 1244 1556 pubes

163 1569 350 1661 accepisse,
367 1590 503 1638 omnem
523 1568 749 1658 nobilitatem,
768 1593 903 1640 omnem
924 1583 1094 1656 senonim,
1107 1593 1242 1638 omnem

163 1676 347 1766 equitatum
365 1677 522 1747 amisisse.
544 1677 675 1765 Quibus
694 1675 816 1773 praeliis
833 1673 1142 1768 calamitatibusque
1156 1675 1242 1744 frac-

164 1793 234 1867 tos,
251 1781 313 1874 qui
334 1795 368 1850 et
394 1795 454 1852 sut
478 1784 602 1852 virtute.
620 1798 654 1854 ct
674 1782 790 1878 populi
813 1783 942 1852 romam
964 1780 1130 1875 hospiti0⁹
1143 1796 1244 1875 atque

165 1887 309 1956 amicitia
327 1886 508 1981 plurimum
530 1904 606 1960 ante
624 1891 659 1958 in
674 1889 783 1960 Gallia
800 1891 1003 1984 potuissent,
1019 1903 1154 1958 coactos
1170 1913 1245 1958 carc

166 1994 327 2086 Sequanis
349 1994 480 2064 obsides
508 1995 588 2067 dare
616 1995 838 2068 nobilissimos
867 1998 1033 2082 civitatis,
1058 2009 1092 2064 et
1116 1995 1245 2088 jureiu

165 2099 271 2170 rondc
292 2101 462 2170 civitatem
482 2101 710 2197 obstringere,
724 2127 796 2174 sese
817 2128 924 2198 neque
935 2101 1068 2173 obsides
1085 2105 1243 2196 repetitu·

167 2228 239 2294 ros,
257 2231 367 2300 neque
389 2207 548 2279 auxilium
568 2234 588 2278 a
606 2209 732 2304 pupulo
756 2235 896 2283 romano
915 2207 1169 2304 imploramros,
1182 2232 1249 2278 ne⁴¹

166 2337 228 2406 que
251 2329 483 2403 recusaturos-3
501 2341 568 2410 quo
590 2320 699 2388 minus
716 2329 878 2412 perpetuo
892 2317 955 2388 sub
971 2314 1105 2387 illorum
1118 2316 1245 2386 ditione

167 2489 501 2557 nestumfuitrocabulum,
509 2504 615 2545 auctore
623 2493 683 2546 Fes·
727 2495 802 2564 cujus
816 2482 1015 2562 significationis
1026 2511 1086 2544 rara
1098 2504 1162 2543 sunt
1171 2485 1247 2564 opud

168 2580 206 2621 to:
219 2567 329 2623 tandem
340 2586 392 2642 pro
404 2569 528 2625 seditioso
539 2571 639 2625 civium
654 2573 683 2626 in
727 2572 868 2624 historicos
897 2571 1025 2643 exempla.
1051 2567 1123 2622 Vide
1155 2581 1245 2623 tamen

167 2647 230 2704 duas
245 2663 334 2722 partes
344 2647 478 2706 ‹bririone
490 2665 627 2724 aoeepuim
639 2671 682 2706 re·
699 2703 701 2708 ,
728 2650 854 2710 ermdcm
869 2651 953 2716 Cas,
963 2652 983 2704 l.
999 2668 1080 2717 1r,r.
1098 2657 1125 2714 a.
1140 2652 1247 2716 Tacit,

167 2730 278 2802 peritur.
476 2753 480 2760 ·
599 2779 603 2786 .
729 2731 798 2786 Hist.
811 2750 823 2784 1
834 2770 843 2797 ,
853 2733 900 2786 68.
914 2731 986 2785 Hor.
997 2732 1073 2796 lm,
1084 2751 1099 2784 α
1109 2730 1173 2800 ‚Sp
1181 2729 1248 2786 val.

209 2817 236 2873 4.
246 2810 314 2862 Are
275 2831 314 2862 rer
315 2830 378 2862 rnos.
387 2809 440 2863 Pro
447 2811 574 2864 Arvernis
576 2809 688 2882 ,·Sequa
728 2806 995 2877 Max.‚l.1v,3,S
1012 2809 1046 2875 3,
1059 2823 1109 2863 etc.

169 2889 323 2961 nosposoit,
329 2889 347 2942 l
352 2909 391 2955 vr
400 2887 434 2942 de
441 2891 506 2943 Bell
513 2889 582 2944 Gall.
590 2909 629 2957 ,c.
640 2909 685 2944 ιι.
771 2893 799 2944 8
810 2849 925 2944 Clkmrl.
933 2892 1024 2957 Quom
1036 2849 1113 2942 inulti
1124 2888 1250 2943 homines

168 2967 221 3024 sed
235 2989 320 3041 quum
335 2971 442 3042 utrique
458 2968 572 3042 junctim
586 2971 687 3042 princi-
728 2971 760 3026 iu
773 2972 860 3026 Gallio
875 2972 985 3026 menes
1004 2972 1084 3031 unius
1102 2969 1250 3034 dimam,

169 3061 262 3120 patum
273 3051 409 3105 tenuerint
420 3047 430 3114 (
435 3070 498 3104 nam
510 3051 624 3143 Sequani
636 3052 687 3104 Ar-
730 3065 793 3109 runt
799 3050 884 3106 iidem
893 3071 939 3124 qui
931 3052 1002 3106 'alic
1011 3051 1121 3104 nomine
1133 3050 1248 3104 mbccti

170 3147 315 3182 vernorum
331 3131 394 3183 sccii
410 3128 502 3195 erant)
514 3131 643 3184 utstatim
656 3151 687 3184 ex
730 3131 876 3186 etsoldurii
885 3131 1058 3204 appellantur.
1066 3128 1131 3185 vid.
1138 3150 1183 3197 rr,
1196 3130 1248 3199 15,

170 3209 229 3280 ipsc
243 3211 349 3263 Curare
368 3209 457 3282 colligi
478 3223 581 3283 potest,
594 3219 621 3264 et
641 3211 687 3264 Se·
735 3231 781 3281 19,
794 3225 821 3266 et
830 3212 893 3267 alibi
904 3211 1010 3283 passim.
1023 3209 1075 3264 sed
1085 3229 1170 3282 quum
1182 3211 1250 3263 inte·

171 3290 251 3359 quani
261 3288 401 3362 jamvslde
411 3292 489 3344 fracti
500 3292 688 3356 abbricum,
731 3311 785 3363 gra
797 3305 887 3363 gentes
901 3291 1030 3346 dimonis
1041 3290 1151 3344 nterim
1165 3290 1249 3347 elien·

171 3381 197 3420 et
218 3388 303 3441 prope
326 3369 432 3423 civitate
451 3372 568 3424 minores
586 3383 688 3436 essent,
731 3384 786 3436 tes,
800 3369 966 3442 intelligendi
985 3372 1047 3427 suit
1065 3370 1146 3436 sccii,
1160 3382 1187 3423 et
1202 3370 1251 3441 qui
1276 3370 1281 3382 '

171 3448 398 3506 Casarsnernos
408 3451 436 3502 h.
449 3452 467 3503 l.
480 3451 548 3504 solos
559 3452 689 3518 nominat,
732 3453 782 3503 sub
798 3451 905 3503 alterius
920 3451 1005 3520 gentis
1020 3451 1133 3520 imperio
1147 3450 1190 3502 rel
1206 3463 1249 3502 tu-

170 3539 226 3582 uta
237 3529 330 3600 Lipsio
339 3531 509 3584 obsecratum
520 3544 568 3584 est.
583 3533 687 3586 Bous.
732 3531 785 3583 tela
799 3542 876 3595 runt,
887 3529 931 3582 rel
950 3531 998 3600 qui
1017 3531 1046 3582 io
1060 3530 1118 3600 ejus
1128 3527 1249 3592 {idonei

214 3610 239 3662 ⁵.
260 3611 301 3662 De
318 3621 454 3680 potarem.
471 3613 532 3664 Vox
544 3612 627 3683 paulo
646 3629 688 3664 ru-
733 3611 780 3681 qui
797 3609 831 3664 ad
845 3610 988 3665 amnium
1001 3611 1058 3680 ejas
1079 3627 1107 3662 sc
1125 3626 1251 3680 aggrega·

171 3688 243 3754 rior,
258 3707 340 3760 quam
356 3702 445 3742 mmm
460 3709 516 3747 non
534 3693 690 3762 refirgerunt
732 3702 807 3744 runt.
824 3691 924 3745 Confer
935 3691 963 3744 ln
979 3691 998 3744 l
1015 3709 1077 3751 curu
1092 3687 1187 3742 eodem
1199 3689 1249 3742 lib.

172 3769 691 3839 eripiendis-Lim11v1,38.AEmu-
732 3789 779 3837 rr,
792 3789 837 3829 ιι.
853 3772 960 3826 Olim.

174 3849 353 3919 lopotenratto.
361 3849 435 3903 Laot.
446 3851 537 3907 Diria.
552 3852 635 3906 instit.
646 3867 689 3918 rr,
775 3871 801 3919 9.
813 3852 935 3922 Hopt'tio.
949 3851 1011 3904 Scil.
1022 3848 1140 3920 publiea.
1157 3847 1251 3902 Publi·

178 3945 220 3997 17.
234 3930 346 3982 Horam
358 3941 527 4000 etpotentatus
537 3943 653 4001 «tregua.
733 3931 947 4002 sumhospitium
953 3928 1255 4000 distinctumaprivato,

212 4011 240 4062 6.
255 4007 630 4079 Mamode.vid.iof.‚l.v1‚c.
645 4030 689 4066 ιι.
734 4031 749 4064 a
768 4029 822 4084 quo
837 4023 927 4064 tamen
942 4010 1027 4064 [huit.
1042 4009 1140 4080 Populi
1155 4008 1251 4079 bospi-

213 4105 239 4164 7.
258 4088 358 4160 copto
375 4087 435 4142 Hoc
448 4089 526 4156 loro,
541 4097 616 4163 copia
634 4109 690 4146 non
734 4090 773 4144 tio
793 4092 903 4162 publico
922 4089 1016 4144 domn
1034 4089 1125 4166 legatie
1147 4089 1251 4163 praebe·

173 4185 223 4239 pro
236 4169 381 4226 hominum
389 4167 574 4239 multitudine,
582 4169 627 4225 sed
640 4189 690 4243 pro
733 4171 832 4226 bantur
840 4171 915 4225 locus
924 4183 952 4224 et
962 4173 1049 4231 lamia.
1057 4169 1148 4225 Iouna
1161 4180 1254 4225 atatem

174 4245 338 4304 abundantia
352 4262 380 4302 et
394 4249 491 4322 opibus
508 4251 690 4324 accipiuntur,
734 4253 856 4322 patamm
874 4251 1059 4323 mapnficena'a.
1075 4249 1144 4303 Fert.
1156 4249 1186 4302 h.
1198 4268 1228 4304 r.
