3000 5034
287 442 347 515 ·6ι
446 443 485 509 C.
514 438 656 508 JULII
684 436 920 505 CAEsaltls
947 436 1224 506 COMMENT.

351 576 389 644 L.
412 574 568 643 Proximo
587 568 660 657 die,
673 569 825 639 instituto
836 592 916 655 suo,
927 569 1042 637 caesar
1058 570 1208 639 ecastris
1225 572 1376 665 utrisque

297 684 410 776 copias
432 703 508 749 suas
530 678 662 760 eduxit3
679 673 882 771 paulumque
901 698 922 743 a
943 672 1143 767 majoribus¹
1158 700 1376 771 progressus,

296 791 415 859 aciem·
428 786 602 873 instmxit,
624 782 843 876 hostibusque
868 780 1042 877 pugnandi
1064 796 1263 877 potestatem
1285 783 1374 853 fecit.

296 896 366 966 Ubi
388 919 430 963 ne
448 908 520 963 turn
542 890 675 986 quidem
696 914 754 959 eos
775 889 910 984 prodire
930 887 1113 984 intellexit,
1125 891 1257 959 circiter
1275 894 1375 959 meri-

296 1002 384 1071 diem
405 1002 588 1071 exercitum
608 1000 643 1066 in
665 1012 775 1067 eastra
787 996 927 1067 reduxit
939 998 1027 1065 Tum
1039 995 1176 1065 demum
1190 998 1377 1067 Ariovistus

296 1124 426 1204 partem
438 1132 575 1177 suarum
589 1106 864 1200 copiarumque
881 1117 992 1173 castra
1005 1104 1137 1173 minora
1149 1119 1376 1199 oppugnaret,

295 1217 405 1285 misit:
422 1217 542 1285 acriter
555 1214 713 1307 utrinque
730 1210 896 1306 usquead
911 1234 1089 1306 vesperum
1107 1224 1293 1305 pugnaturn
1315 1226 1376 1281 est.

296 1319 382 1392 Solis
404 1346 526 1393 occasu
551 1344 628 1391 suas
650 1321 765 1414 copias
786 1319 993 1407 Ariovistus,
1011 1316 1124 1387 multis
1153 1332 1187 1386 et
1215 1316 1313 1387 illatis
1342 1333 1377 1387 et

296 1431 440 1525 acceptis
459 1427 673 1514 vulneribus,
690 1430 726 1495 in
746 1440 856 1495 castra
873 1424 1014 1493 reduxit.
1036 1426 1153 1513 Quum
1172 1449 1215 1493 ex
1234 1427 1377 1519 captivis

295 1550 457 1631 quaereret
483 1538 615 1622 Caesar,
638 1558 739 1628 quam
770 1532 815 1600 oh
846 1556 918 1599 rem
947 1532 1132 1600 Ariovistus
1162 1530 1277 1625 praelio
1307 1556 1377 1600 non

295 1641 499 1731 decertaret,
511 1642 598 1710 hanc
611 1639 797 1735 reperiebat
810 1662 963 1707 causam:
979 1636 1070 1730 quod
1084 1637 1174 1731 apud
1187 1639 1377 1707 Germanos

294 1774 334 1819 ea
352 1696 559 1821 consuetitdo
579 1744 759 1834 esset²,ut
776 1742 1049 1812 matresfamiliae
1069 1766 1187 1813 eorum
1209 1731 1377 1814 sortibus³

295 1870 329 1925 et
350 1853 641 1925 vaticinationibus
661 1850 888 1940 declararent,
901 1864 1015 1919 utrum
1036 1849 1188 1945 praelium
1211 1854 1377 1921 committi

295 1986 335 2031 ex
357 1987 421 2030 usu
438 1975 540 2047 esset,
549 1984 611 2027 nec
630 1982 697 2027 ne:
720 1982 776 2027 eas
793 1961 840 2026 ita
857 1905 992 2027 dicere
1010 1960 1090 2027 Non
1107 1982 1179 2027 esse
1197 1945 1272 2027 fas'¹
1289 1961 1376 2028 Ger·

293 2184 409 2255 legiones
418 2202 532 2239 numero
540 2185 812 2254 hominummajmes,
855 2183 917 2236 nice
942 2180 1089 2246 Almam)
1116 2184 1197 2248 {uiue
1213 2185 1374 2256 perhibent.

294 2265 391 2317 auxilia
409 2285 424 2319 a
443 2265 520 2319 sociis
534 2265 629 2330 missa,
644 2277 671 2317 et
689 2264 755 2317 levis
769 2283 812 2315 ar·
857 2263 921 2316 Haec
935 2275 962 2316 et
976 2264 1055 2334 plura
1065 2262 1241 2336 Oudendorp.

295 2357 419 2411 matura,
431 2344 537 2399 minora
554 2338 812 2398 numero.Vid.Ve·
898 2344 925 2396 3.
941 2343 1060 2397 Sortibus.
1076 2343 1166 2396 Sortes
1186 2357 1250 2397 sunt
1270 2344 1376 2399 divina·

294 2436 345 2497 get.
361 2426 380 2478 l.
397 2427 447 2492 11,
463 2444 520 2497 cap.
541 2444 566 2480 r.
856 2422 937 2475 tionis
951 2439 1049 2494 genus,
1065 2442 1148 2495 quum
1163 2424 1274 2490 litterae,
1288 2438 1375 2491 notae,

335 2506 400 2561 Car.
415 2508 446 2560 L.
463 2524 487 2559 ι.
503 2505 647 2577 Majoribus.
658 2503 745 2559 Cocld.
759 2505 814 2575 ple·
856 2503 943 2569 dicta,
959 2504 1088 2575 inscripta
1098 2504 1182 2570 foliis,
1196 2506 1267 2571 talis,
1283 2506 1376 2577 ligno,

294 2586 345 2657 riq.
355 2599 381 2639 et
388 2585 450 2639 edd.
460 2584 563 2639 addunt
571 2591 664 2639 castris.
672 2586 762 2638 Recte.
773 2586 812 2637 M.
857 2582 1094 2649 schedulis,mi1ta
1106 2597 1151 2637 aut
1160 2603 1286 2639 concussa
1299 2586 1376 2639 exhi-

337 2686 363 2719 ι.
381 2668 424 2718 Εα
441 2666 585 2718 consuetudo
600 2677 667 2718 esset.
684 2665 726 2717 Ita
741 2665 812 2717 Plut.
856 2665 955 2717 hentur
970 2664 1002 2717 iis
1018 2664 1065 2735 qui
1083 2662 1148 2716 deos
1167 2666 1327 2730 consulunt,
1345 2680 1376 2719 ut

294 2746 323 2798 in
335 2747 445 2800 Caesare.
460 2766 483 2799 c.
505 2765 549 2813 19.
568 2748 603 2797 ἔτι
617 2742 648 2799 di
660 2748 753 2813 μᾶλλον
766 2748 813 2798 αὐ·
856 2743 931 2815 quod
938 2744 1057 2815 primum
1064 2744 1148 2797 veluti
1156 2746 1295 2797 sortitione
1303 2746 1375 2799 exie·

293 2816 815 2897 reliq(1'eppusoi›e)·lpdtuseripaursa·
856 2825 907 2891 rit,
918 2822 947 2875 id
963 2823 1082 2895 responsi
1098 2822 1184 2876 divini
1199 2826 1255 2877 vim
1268 2825 1375 2880 habeat.

293 2925 366 2975 ματα
375 2914 423 2958 τῶν
434 2906 502 2977 ἱερῶν
513 2912 642 2975 γυναικῶν,
653 2904 678 2955 αἳ
689 2911 812 2975 ποταμῶν
856 2904 995 2969 Hocloco‚
1002 2916 1076 2957 sortes
1085 2904 1242 2977 generaliter
1249 2925 1376 2977 responsa

210 2984 216 2997 '
293 2980 373 3047 δίναις
386 2984 605 3058 reposuissem,
622 2982 665 3038 καὶ
684 2984 812 3054 ῥευμάτων
856 2982 957 3038 divina.
971 2984 1011 3038 Μ.

293 3066 416 3136 ἑλιγμοῖς,
433 3066 474 3118 καὶ
500 3064 582 3139 ψόφοις
602 3065 813 3136 τεκμαιρόμεναι,
898 3072 925 3130 4.
943 3064 1003 3119 Non
1017 3085 1067 3117 esse
1079 3066 1132 3133 fes.
1152 3064 1214 3118 Non
1230 3066 1310 3120 licere
1326 3086 1376 3137 per

292 3146 463 3216 προεθέσπιζον
472 3186 479 3211 ,
488 3146 532 3197 οὐκ
549 3148 624 3197 ἐῶσαι
640 3146 723 3217 μάχην
734 3145 815 3197 ritae·
856 3145 1024 3218 religionem.
1034 3144 1076 3199 Id.
1085 3178 1126 3188 -
1134 3145 1184 3199 Fas
1197 3158 1237 3199 est
1247 3148 1291 3217 jus
1303 3145 1374 3198 divi-

292 3230 333 3278 tus
339 3225 414 3297 ,πρὶν
431 3226 568 3296 ἐπιλάμψαι
581 3228 637 3278 νέαν
653 3225 764 3281 σελήνην.
772 3257 814 3267 --
856 3244 923 3279 num
930 3224 1156 3319 ,undeVirqilius
1169 3224 1313 3279 discrimen
1322 3239 1374 3279 sta-

292 3306 452 3357 Mulieribus
467 3319 554 3358 autem
570 3324 650 3376 quam
669 3306 814 3359 maximam
856 3306 1272 3379 tmtmterlasetJusGeorg.1,
1285 3308 1350 3360 αδδ

292 3384 375 3438 fidem
390 3386 518 3439 Germani
533 3387 667 3439 habebant
674 3382 813 3457 ,'quod11s
886 3401 1375 3465 Quippefflamfesmqmdmmoe„

292 3466 377 3527 inesse
388 3480 509 3519 sanctum
520 3465 620 3539 aliquid
631 3480 657 3519 et
668 3464 813 3539 providum
998 3466 1082 3511 diebus

292 3558 433 3617 putarent;
448 3545 521 3600 unde
542 3548 658 3613 lactum,
676 3559 705 3599 ut
721 3566 813 3601 earum
893 3537 938 3582 F²⁸
949 3536 1131 3596 111]111111·11111111

292 3627 451 3679 nonnullae
443 3639 513 3679 mter
529 3625 591 3680 deas
603 3586 703 3680 fueiint
717 3646 813 3679 nume·
856 3624 885 3678 Si
899 3645 964 3679 vero
980 3624 1048 3696 quid
1069 3626 1139 3677 nolit
1160 3626 1232 3677 Deus
1252 3625 1329 3690 lieri,
1344 3626 1373 3679 id

292 3719 363 3759 ratae.
380 3707 465 3760 Tacit.
483 3706 551 3761 Hist.
566 3707 585 3759 l.
600 3726 672 3772 rv,c
674 3748 681 3759 .
657 3712 746 3761 061.
769 3707 812 3759 Sic
856 3699 1373 3777 certetideturadisuror,impossibile.

292 3787 415 3853 Aurinia,
429 3788 466 3840 sic
478 3785 589 3840 Velleda
599 3786 742 3839 numinum
751 3788 812 3839 loco
855 3785 899 3839 sic
909 3786 974 3837 item
984 3782 1019 3837 de
1025 3785 1152 3839 German.
1159 3784 1241 3839 habet
1252 3786 1331 3851 Tac,
1340 3804 1372 3839 rr.

292 3867 400 3937 positae,
413 3880 443 3919 ut
454 3864 532 3920 docet
542 3867 628 3934 idem,
640 3864 674 3919 de
689 3867 812 3921 Moribus
857 3864 961 3926 Coewrt,
972 3865 1094 3938 nisiquod
1099 3866 1229 3933 fortuitum
1236 3878 1261 3915 et
1268 3865 1372 3917 subitum

292 3946 384 4000 Germ.
399 3967 422 4001 e.
440 3946 530 4001 8.vid.
548 3946 691 4001 Schedium
706 3945 740 3998 de
754 3946 812 3999 Diis
856 3944 978 4006 inciderit,
993 3948 1064 3997 certis
1085 3945 1182 4009 diebus,
1200 3965 1253 3997 cum
1273 3958 1317 3997 aut
1334 3948 1382 3997 ira-⁴

292 4044 375 4097 germ.
390 4026 533 4099 Syutagma
547 4046 588 4093 11,
601 4047 624 4081 c.
643 4028 689 4092 43.
700 4059 740 4069 -
751 4027 812 4079 Mu·
855 4024 1028 4079 citaturum
1041 4038 1085 4078 aut
1096 4026 1220 4097 impletur:
1226 4046 1282 4078 uum
1295 4045 1371 4095 ager·

291 4106 401 4161 lieribus
416 4109 473 4161 istis
489 4107 603 4161 fatidicis
617 4125 715 4159 nomen
731 4107 811 4158 Alru·
855 4104 894 4157 dis
904 4106 973 4158 rebus
992 4108 1037 4160 Ιισσ
1051 4109 1264 4179 auspicatissimum
1277 4108 1371 4158 intrim

293 4204 403 4254 narum,
425 4207 471 4241 seu
491 4188 672 4241 Alironiarum
688 4182 811 4258 (ger-ma·
856 4185 963 4241 credunt.
987 4188 1071 4261 Cujus
1094 4185 1290 4259 superstitionis
1318 4184 1371 4256 ipsi
