3000 5034
269 505 345 595 tto
427 511 465 576 o.
494 507 636 577 tumr
664 507 899 575 oestrus
925 457 1201 577 conruens.

267 643 475 737 paratissimo
507 639 713 709 sustinebant
741 639 853 708 animo
873 664 880 706 :
903 663 956 707 res
985 640 1074 707 enim
1103 639 1281 758 gerebatur
1310 654 1346 708 et

268 749 397 818 excelso
419 746 513 835 loco,
535 761 569 816 et
589 749 623 815 in
645 759 828 840 conspectu
848 747 1011 814 exercitus
1032 747 1160 833 nostri;
1185 770 1343 840 magnus·

268 881 332 951 que
345 858 512 974 utrimque
527 853 653 924 clamor
666 853 843 922 oriebatur.
859 856 911 922 Ita
925 877 1026 948 quam
1041 854 1179 946 quisque
1193 853 1344 947 poterat⁷

268 965 409 1032 maxime
428 963 584 1054 insignis,
598 984 664 1053 quo
683 961 795 1028 notior
807 961 1022 1054 testatiorque
1033 961 1141 1028 virtus
1154 959 1226 1053 ejus
1239 975 1345 1050 esset,

268 1070 340 1139 telis
357 1069 504 1136 hostium
524 1067 730 1160 flammaeque
745 1091 780 1134 se
797 1066 993 1136 offerebant.

321 1177 447 1243 XLIII.
472 1176 584 1242 Caesar
598 1198 701 1267 quum
719 1171 909 1268 complures
922 1197 1001 1242 suos
1014 1172 1183 1240 vulnerari
1199 1172 1344 1261 videret,

268 1310 309 1351 ox
328 1281 482 1350 omnihus
502 1279 616 1375 oppidi
639 1279 789 1374 partibus
805 1279 961 1360 cohortes
978 1294 1127 1348 montem
1149 1279 1345 1368 ascendere,

267 1405 318 1478 et,
337 1386 545 1457 simulatione
562 1388 721 1454 moenium
740 1386 1031 1481 occupandorum,
1043 1384 1225 1455 clamorem
1245 1385 1344 1454 undi-

268 1521 332 1592 que
351 1495 447 1589 jubet
468 1491 592 1562 tollere.
616 1494 695 1582 Quo
717 1495 807 1560 facto
828 1495 994 1587 perterriti
1015 1493 1194 1588 oppidani,
1214 1519 1345 1586 quum,

267 1603 347 1698 quid
368 1615 522 1696 ageretur
543 1602 578 1667 in
603 1597 683 1670 Iocis
712 1597 868 1693 reliquis,
889 1615 1000 1669 essent
1019 1601 1149 1694 ignari,
1173 1598 1342 1694 suspensi¹

263 1722 428 1779 revocant
441 1707 483 1776 ab
496 1706 730 1801 impugnandis
745 1706 901 1800 operibus
915 1721 1079 1793 armatos,
1092 1710 1262 1800 murisque
1276 1706 1342 1775 dis·

267 1829 408 1912 ponunt
423 1818 475 1882 Ita
490 1815 614 1900 nostri,
631 1811 697 1882 fine
713 1812 817 1908 praelii
832 1811 942 1882 facto²
945 1811 1118 1901 celeriter
1130 1838 1234 1908 opera
1248 1813 1342 1884 flam·

266 1949 322 1992 ma
335 1920 575 2015 comprehensa
586 1920 707 2013 partim
717 1922 944 2049 restinguunt,
953 1922 1075 2015 purtim
1087 1919 1342 1988 interscindunt

266 2032 382 2118 Quum
403 2027 617 2144 pertinaciter
638 2027 829 2094 resisterent
835 2011 1043 2121 3ορριιιιιιιι,
1061 2039 1115 2114 et,
1128 2027 1199 2119 jam
1221 2051 1344 2121 magna

265 2151 360 2230 parte
382 2155 519 2202 suorum
541 2133 595 2200 siti
616 2133 760 2220 amissa,
781 2135 817 2199 in
838 2135 1000 2202 sententia
1022 2149 1277 2228 permanerent3
1299 2132 1343 2201 ad

264 2257 471 2338 postremum
499 2237 660 2308 cuniculis
685 2263 779 2307 venae
813 2240 914 2308 fontis
945 2243 1108 2310 intercisae
1135 2255 1214 2309 sunt
1243 2254 1343 2334 atque

264 2373 397 2418 aversae.
414 2347 492 2434 Quo
508 2343 597 2414 sacto
613 2360 749 2441 repente
768 2347 922 2440 perennis
938 2348 1067 2415 exaruit
1079 2333 1173 2416 ιοιιε4
1173 2360 1340 2436 ,·tantam

263 2481 328 2550 que
361 2451 471 2524 attulit
497 2451 671 2547 oppidanis
699 2451 813 2522 salutis
840 2452 1127 2583 desperationem,
1145 2469 1183 2523 ut
1210 2453 1244 2522 id
1272 2478 1340 2522 non

263 2564 438 2632 hominum
460 2557 621 2646 consiliu,
643 2559 700 2628 sed
724 2559 864 2628 deorum
885 2546 1078 2629 voluntate⁵
1097 2560 1223 2631 faomm
1244 2576 1340 2654 puta

208 2679 210 2684 '
263 2683 346 2738 rent.
366 2671 503 2760 Itaque,
520 2667 714 2734 necessitate
733 2668 858 2754 coacti,
876 2690 911 2735 se
927 2666 1143 2736 tradiderunt.

304 2899 329 2949 7.
351 2879 391 2928 Itu
407 2893 478 2952 quoqa
499 2877 597 2945 quisque
612 2885 717 2944 poterat.
735 2873 778 2925 Sic
823 2892 917 2926 omnes
924 2887 951 2942 qt
964 2873 1026 2927 edd.
1040 2887 1105 2928 vett.
1114 2874 1191 2927 Nihil
1201 2895 1266 2946 ergo
1279 2896 1337 2928 mu·

249 2972 330 3030 Ιοριι.
354 2952 432 3008 codd.
454 2965 480 3006 et
501 2964 592 3006 noster
607 2952 693 3022 5764.
710 2953 779 3018 Atii,
824 2952 945 3006 tandum.
957 2955 1083 3019 Alii,sirre
1089 2956 1266 3025 proeliosacto.
1280 2957 1338 3009 Ma·

262 3038 351 3092 minus
366 3038 447 3098 bene,
463 3037 498 3085 ιἰα
513 3035 653 3106 utquisque
665 3045 778 3103 poterut,
822 3033 862 3086 le:
879 3046 906 3086 et
920 3035 977 3086 sine
993 3036 1159 3088 auctoritate·

262 3119 304 3171 vel
320 3116 446 3178 cannino,
460 3116 495 3164 tta
510 3115 607 3184 quisque
616 3125 721 3183 poterat.
865 3113 891 3165 3.
908 3116 1091 3168 desisterent...
1094 3129 1269 3186 permanerent.
1278 3123 1339 3169 Huc

303 3193 777 3262 Cir.XLIII.1.Essentignari,sru·
822 3194 900 3246 aliter
920 3213 948 3246 se
971 3196 1070 3248 hebent
1089 3195 1118 3247 in
1142 3194 1221 3248 codd.
1247 3196 1337 3250 Nostri

259 3275 398 3348 perutiles
412 3272 630 3326 duasroeesnon
644 3271 777 3327 simulad·
821 3274 1013 3346 legunt:quum
1023 3279 1180 3346 penureciter
1204 3279 1338 3328 resisterent

261 3359 372 3411 mittunt
387 3351 465 3408 codd.
481 3352 535 3405 Alii
549 3365 626 3404 essent
640 3357 731 3422 ignari,
743 3354 777 3405 al.
822 3353 937 3424 oppidani
957 3373 1047 3424 magua
1064 3368 1136 3426 purte
1154 3361 1227 3408 etiam
1241 3377 1336 3408 suonam
1361 3376 1364 3383 ⁴

260 3449 339 3490 essent
348 3431 527 3506 suspersissoli
538 3431 616 3485 codd.
628 3433 694 3486 Lov.
705 3434 777 3484 Bon·
821 3437 863 3484 siti
875 3438 962 3484 amissa
977 3438 1002 3486 in
1015 3440 1132 3487 sententia
1141 3437 1335 3506 permanebant:

260 3537 327 3589 gars.
345 3526 406 3568 tert.
420 3513 533 3566 Dorvill.
548 3525 575 3564 et
590 3510 651 3564 edd.
665 3511 776 3566 Mediol.
821 3513 1003 3582 aptiortamen
1019 3528 1110 3568 nostra
1125 3515 1233 3568 videtur
1247 3517 1334 3569 lectio.

261 3599 379 3650 Floreut.
385 3607 511 3663 utrasque
517 3592 690 3662 recipiunt‚et
696 3607 777 3658 recte,
862 3600 890 3655 4.
900 3594 957 3662 Quo
963 3597 1036 3662 sacto
1042 3600 1154 3666 perennis
1162 3600 1261 3648 exaruit
1260 3599 1320 3663 sons
1324 3636 1332 3660 ‚

260 3697 343 3740 nam,
364 3675 413 3726 etsi
436 3672 512 3724 aliter
534 3671 641 3724 Davisio
671 3672 776 3743 placet,
821 3685 967 3745 tantamque.
984 3674 1335 3730 Hanclectionemrevocevi

260 3755 333 3809 aliud
346 3767 386 3808 est
399 3757 582 3822 ignorarem,
597 3750 669 3804 eliud
680 3772 777 3822 suspeu-
820 3773 852 3804 ex
866 3751 926 3806 cod.
943 3773 1003 3806 meo
1019 3755 1105 3825 5763.
1118 3761 1168 3808 Ast
1179 3756 1226 3808 alii
1237 3756 1336 3809 habeut

259 3857 306 3889 sus.
318 3835 433 3906 Suspensi
440 3849 580 3903 possumus
587 3849 655 3897 esse,
666 3831 775 3902 sednon
819 3852 867 3904 quo
872 3835 1107 3905 sactorepeutefoas
1113 3839 1226 3907 perenn&
1231 3837 1334 3888 about-

259 3919 359 3986 igna'rr';
375 3925 402 3966 at
417 3931 502 3984 quum
520 3911 605 3982 ignari
620 3929 712 3964 sumus
727 3912 775 3966 ali·
820 3923 972 3970 temtaretur
984 3917 1081 3976 attulit,
1092 3927 1137 3968 etc.
1151 3915 1193 3968 nt
1207 3935 1256 3988 quo
1265 3918 1335 3984 sacto

259 3999 335 4068 cujus
347 3995 399 4058 rei,
407 3995 513 4064 suspensi
524 3990 655 4044 heremus
668 3991 696 4044 ιιι
710 4011 775 4046 con·
818 3993 947 4044 adunatus
953 3999 1334 4067 npenteperenoisemuitsoas,

258 4076 318 4128 silio
332 4071 475 4145 capiendo,
484 4085 510 4124 et
522 4090 552 4124 ea
564 4073 621 4142 ipsa
634 4091 676 4126 res
689 4077 730 4126 est‘
740 4071 775 4128 de
818 4082 964 4146 tantumque.
989 4075 1154 4128 Concinnior
1173 4094 1236 4128 sane
1257 4076 1334 4129 lectio

258 4175 311 4227 qua
326 4154 453 4208 hocloco
469 4151 563 4222 agitur.
818 4151 878 4207 cod.
892 4153 987 4207 nostri.

302 4255 326 4286 a.
344 4234 407 4286 Fine
423 4233 504 4304 proclii
517 4234 597 4298 sueto.
613 4234 655 4286 Ita
668 4230 774 4288 codice·
828 4239 831 4247 '
861 4233 886 4287 5.
903 4233 1033 4287 Utr'dnon
1043 4235 1163 4286 hominum
1173 4233 1335 4296 comitio,sd
