3000 5034
281 440 352 519 ns
379 450 553 520 senno
581 450 827 521 onorico.
857 435 952 525 'ms
982 462 1023 530 ι.
1138 492 1211 565 ¹79

136 586 221 653 rium
234 582 441 679 neglexisset
452 581 513 652 Ille
527 584 627 651 ιιιιίιιι7
640 600 816 655 revocatus
830 590 980 660 resistere
988 616 1046 682 ,ac
1058 619 1094 665 se
1108 624 1212 672 manu

136 690 311 759 defendere
317 714 545 784 ,suorumque
558 691 659 759 fidem
675 691 854 785 implorare
863 684 987 791 coepit
1001 725 1088 797 saepo
1097 704 1210 776 clami

134 812 224 883 tans,
241 796 384 865 liberum
394 822 428 865 se
436 795 637 891 ,liberaeque
652 798 794 867 civitatis
812 800 908 870 esse9.
927 803 994 894 Illi,
1012 823 1051 876 ut
1062 827 1135 881 erat
1148 815 1209 882 im·

134 918 305 1000 peratum,
333 904 582 973 circumsistunt
603 904 790 994 hominem,
812 922 911 1002 atque
929 912 1152 987 interficiunt:
1176 936 1211 989 at

134 1010 230 1078 AEdui
252 1011 379 1104 equites
400 1010 443 1077 ad
465 1012 631 1079 Caesarem
653 1036 770 1081 omnes
790 1030 1012 1090 revertuntur.

185 1118 279 1185 VIII.
308 1119 370 1186 His
402 1117 501 1185 rebus
530 1117 645 1211 gestis,
674 1119 824 1187 Labieno
850 1123 884 1189 in
912 1129 1104 1198 continente
1131 1156 1209 1202 eum

134 1223 236 1291 tribus
259 1221 443 1317 legionibus
465 1238 499 1291 et
520 1226 668 1318 equitum
692 1225 835 1295 millibus
857 1228 988 1301 duobus
1015 1234 1150 1325 relicto,
1171 1254 1210 1309 ut

132 1344 248 1423 portus
257 1343 419 1417 tueretur
433 1344 468 1397 et
480 1354 550 1400 rem
566 1330 835 1400 frumentariam¹
851 1336 1057 1428 provideret,
1071 1368 1210 1439 quaeque

132 1436 164 1503 in
183 1435 293 1506 Gallia
311 1451 507 1551 gererentur
528 1451 765 1531 cognosceret,
783 1438 1023 1537 consiliumque
1039 1472 1103 1541 pro
1125 1465 1209 1519 tem-

132 1566 212 1662 pore
234 1558 269 1611 et
289 1544 353 1636 pro
375 1567 411 1610 re
434 1559 585 1661 caperet,
606 1545 676 1637 ipse
699 1568 776 1612 eum
797 1548 943 1641 quinque
964 1549 1149 1645 legionibus
1174 1574 1209 1627 et

131 1652 202 1743 pari
220 1648 382 1717 numero²
402 1648 569 1744 equitum,
591 1674 690 1744 quem
713 1653 748 1717 in
776 1654 960 1723 continenti
981 1656 1207 1754 relinquebat,

13 1782 14 1785 ¹
86 1834 88 1839 Ι
132 1754 206 1825 solis
225 1741 360 1826 oceasu³
373 1778 474 1825 naves
491 1756 605 1843 solvit,
618 1770 652 1825 et
666 1755 731 1825 leni
744 1746 874 1827 Africo⁴
888 1778 1084 1855 provectus,
1098 1769 1208 1839 media

131 1863 262 1932 circiter
287 1877 386 1930 nocte
408 1878 511 1931 vento
539 1865 744 1952 intermisso,
763 1888 899 1934 cursum
925 1893 995 1941 non
1022 1874 1145 1963 tenuit,
1174 1889 1208 1946 et

130 1966 261 2063 longius
283 1968 411 2039 delatus
432 1984 531 2057 aestu,
551 1984 625 2038 orta
646 1969 740 2057 luce,
763 1972 826 2040 sub
848 1974 980 2043 sinistra
1000 1929 1205 2052 britanniam

129 2074 280 2145 relictam
294 2077 475 2171 conspexit.
490 2079 577 2145 Tum
584 2102 720 2165 rursus,
735 2087 833 2147 aestfls
847 2087 1142 2156 commutationem
1155 2114 1205 2159 se·

130 2198 244 2271 cutus,
257 2184 356 2251 remis
370 2182 557 2271 contendit,
569 2198 607 2251 ut
618 2199 835 2278 campartem
845 2186 960 2256 insulae
974 2207 1124 2285 caperet,
1139 2220 1206 2290 qua

128 2292 294 2384 optimum
307 2315 377 2359 esse
392 2314 560 2385 egressum
576 2291 776 2419 superiore
765 2306 878 2361 aestate
895 2313 1108 2415 cognoverat.
1128 2300 1207 2389 Qua

128 2397 160 2463 in
172 2422 209 2465 rc
222 2395 405 2465 admodum
417 2396 480 2465 fuit
496 2395 637 2464 militum
650 2397 757 2465 virtus
764 2382 969 2488 ⁵laudanda,
981 2405 1038 2496 qui
1050 2410 1206 2476 vectoriis

784 2505 789 2530 l

168 2603 196 2655 7.
213 2584 300 2636 Enim.
317 2584 370 2635 Pro
386 2584 511 2636 em'mrero.
689 2598 752 2634 sana
761 2581 938 2652 perdiderunt
949 2586 1073 2638 consilia
1065 2590 1203 2661 ,quique‚

168 2666 195 2717 8
208 2664 360 2735 Suorumque
367 2660 444 2731 fidem
456 2663 582 2734 implorare
597 2681 645 2712 ιιι-
688 2661 710 2713 si
726 2662 768 2713 sui
785 2680 846 2727 eum
860 2664 930 2716 cives
944 2665 1089 2736 juvissent,
1105 2670 1203 2722 Roma·

124 2748 168 2813 pit.
186 2746 223 2797 Et
238 2741 268 2796 id
278 2742 365 2814 quod,
374 2756 496 2814 respectu
510 2744 645 2793 Romano·
687 2741 861 2795 noseGalliis
870 2742 1057 2814 proculdubio
1067 2750 1201 2819 propulis-

127 2842 187 2875 rum
195 2828 338 2896 ,quintam
352 2823 442 2875 Latini
457 2821 598 2874 dixerunt:
611 2820 644 2873 Id
686 2832 726 2874 set
733 2823 1032 2893 ,etpattiaellbertatem
1040 2829 1199 2883 asseruisset.

127 2916 165 2957 est
182 2904 293 2975 Quirites
312 2902 484 2955 conclamare.
503 2902 542 2953 Ut
562 2900 644 2953 bodie
727 2894 1198 2971 cn.V111.1.1temfmmentanam

127 3002 234 3056 quoque
249 2984 336 3054 gentis
351 2994 396 3034 aut
410 2982 503 3055 patries
516 3000 614 3034 nomen
628 3000 644 3033 ιι
686 2982 727 3033 ΑΙ
749 3002 784 3033 m
781 2982 977 3047 frumentariae.
999 2985 1091 3039 Codex
1108 3002 1201 3066 noster
1285 3049 1289 3063 ,

126 3062 288 3135 quibusdam
311 3063 448 3116 acclamari
463 3062 544 3114 solet
537 3072 643 3131 ,utque
689 3062 776 3131 5763,
792 3074 820 3113 ut
837 3082 863 3113 re
876 3066 1040 3130 frumentaria
1051 3070 1197 3136 pmvitderet,

13 3142 14 3145 ’
126 3142 264 3215 Hispani
256 3162 285 3194 ιιι
304 3142 500 3196 concertatione
523 3160 552 3193 ac
571 3142 642 3205 rixa,
685 3139 745 3193 cod
768 3141 861 3211 5764,
877 3160 912 3195 ret
904 3145 1096 3210 frumario.

124 3224 327 3295 praesertimque
340 3241 402 3274 cum
416 3221 543 3274 auxilium
557 3222 641 3285 cient,
729 3241 755 3274 ι.
772 3221 811 3272 Et
819 3226 880 3291 pari
893 3242 997 3277 nmero.
1015 3226 1076 3279 Soil.
1093 3226 1198 3282 duobus

125 3304 293 3375 ingeminant
312 3320 319 3355 t
337 3322 431 3373 spagna
444 3310 455 3352 !
477 3308 592 3371 spagnat
612 3312 644 3352 ut
685 3300 806 3370 equitum
819 3300 952 3368 millibus,
968 3316 1099 3377 utsupra.

124 3384 229 3437 notavit
240 3384 361 3453 Lipsius,
374 3383 403 3433 in
417 3382 526 3433 analect.
543 3376 576 3431 ad
591 3380 643 3431 mi·
727 3380 754 3431 3.
766 3380 937 3451 delinquebat,
955 3384 1013 3433 solis
1028 3406 1121 3438 occasu.
1135 3386 1200 3441 Haec

124 3464 163 3517 lit.
178 3464 197 3516 l.
215 3482 260 3528 rr,
275 3461 338 3515 dial.
358 3483 382 3515 ι.
686 3470 726 3512 est
741 3460 821 3511 lectio
834 3458 913 3513 codd.
923 3460 1108 3528 Andimrnm,
1119 3484 1201 3537 quam

165 3564 193 3612 9.
214 3543 248 3596 Se
270 3543 368 3595 liberum
383 3560 438 3593 esse.
458 3540 551 3611 Neque
571 3539 643 3591 enim
685 3536 1197 3618 affertGronov.Aliiomnes:relt'querat‚

123 3620 212 3676 adhuc
228 3623 322 3676 civitas
334 3620 505 3675 AEduorumd
517 3620 644 3673 Romanis
686 3620 1198 3691 adsolisoccasum.Umquebenebnbet.

124 3704 152 3755 in
166 3706 284 3757 formam
299 3702 443 3774 provinciae
458 3698 564 3753 redacta
576 3712 640 3754 crat.
686 3698 755 3753 cod.
772 3700 1197 3771 5764,ιιοεῑιιιιι1ιὲοι.οιι1ιί1ιεῐ.

123 3784 215 3838 Liceat
223 3784 292 3835 mihi
300 3782 378 3837 Gallo
386 3780 643 3851 floresDumnorigis
728 3787 753 3843 4.
768 3777 1200 3848 laeniAfrt'canOceanobritan·

125 3865 232 3916 tumulo
240 3882 371 3935 spargere,
379 3880 459 3933 quem
465 3862 553 3914 virum
561 3862 643 3914 liber·
685 3860 746 3913 nico
754 3873 849 3914 ventus
863 3874 902 3914 est
915 3880 996 3932 quem
1008 3863 1093 3915 nostri
1103 3876 1200 3918 vocant

123 3946 185 3997 tatis
201 3963 231 3996 ac
241 3944 334 4014 patriae
342 3942 565 4005 amantissimum
572 3940 643 3994 Lisci
685 3940 836 3993 Srtd-ouest

123 4036 150 4075 et
163 4024 282 4076 aliorum
293 4022 357 4075 huic
372 4020 498 4075 similium
510 4018 642 4091 proditio,
728 4020 1199 4096 5.Mtttumvtrtus.rauent1aquam

124 4115 150 4155 et
165 4104 264 4156 misera
279 4102 312 4155 ad
327 4103 479 4156 servitutem
490 4100 643 4171 propensio,
685 4100 866 4170 praestiterunt
878 4122 906 4154 m
929 4100 1068 4155 subeundo
1094 4105 1200 4175 rernigii

125 4194 206 4254 atque
229 4184 352 4253 igrtavia,
366 4183 455 4253 potins
477 4198 557 4251 quam
575 4180 643 4231 male
684 4179 783 4231 labore.
1073 4184 1078 4198 ⁴

943 4287 1007 4355 ια’
