3000 5034
541 513 606 590 ΕΤ
633 518 844 590 enters
1152 525 1226 616 491·

152 648 292 720 dentale
309 651 353 721 de
371 651 409 721 lu
430 653 571 747 Custille
594 654 748 723 nouvelle
767 668 805 721 et
822 673 889 721 une
901 651 1039 747 grande
1051 657 1174 749 parcre
1187 653 1233 724 de

153 759 345 853 l'Arngon,
373 759 559 830 fortissimis
587 759 755 855 Hispania
779 757 928 855 populis,
954 783 1063 847 arma,
1087 782 1230 848 nomen,

153 867 415 962 sanguinemque
435 867 631 956 sociaverit,
653 881 817 962 quantum
834 864 1029 936 inclaruerit
1041 865 1231 937 Celtibero-

153 995 227 1042 rum
247 997 386 1062 nomen,
409 997 483 1068 quae
504 971 630 1043 fuerint
651 973 827 1044 Gallorum
851 997 929 1043 oum
949 974 1131 1061 Britannis,
1152 966 1239 1043 cum¹

154 1080 331 1148 Germanis
345 1079 563 1169 commercia,
578 1080 721 1176 prodere
733 1083 933 1151 immensum
947 1080 1049 1169 foret,
1062 1094 1097 1149 et
1109 1095 1232 1150 nostra
1336 1139 1339 1143 .

153 1183 393 1256 dissertationis
413 1186 496 1256 fines
515 1185 615 1283 longe
636 1188 860 1283 egrederetur.
880 1189 925 1256 At
944 1189 1024 1258 satis
1044 1189 1086 1256 sit
1102 1200 1232 1256 veteres

154 1290 330 1362 Gallorum
347 1293 467 1388 glorius
485 1293 684 1390 indigitasse.
696 1298 845 1379 Verum,
861 1294 952 1389 quod
966 1296 1002 1362 in
1017 1296 1155 1389 antiqua
1168 1294 1233 1362 his·

152 1400 239 1468 toria
256 1399 467 1470 utilissimum
488 1413 553 1489 est,
568 1401 610 1470 ad
630 1403 849 1472 recentiorem
868 1403 1064 1470 memoriam
1082 1401 1231 1470 animum
1261 1427 1268 1436 ·

153 1505 382 1597 revolvamus,
409 1509 498 1576 etin
519 1509 619 1579 tantis
641 1533 756 1578 rerum
778 1507 1042 1602 saeculorumque
1063 1508 1232 1576 vicissitu-

154 1611 285 1682 dinibus
304 1614 460 1684 eumdem
482 1616 517 1683 in
539 1615 643 1686 Gallis
662 1617 811 1684 animum
835 1638 1126 1711 recognoscamus.
1148 1612 1251 1682 Inde

154 1719 334 1815 irrequieta
354 1720 410 1790 illa
436 1721 550 1792 Caroli
572 1724 690 1818 Magni
707 1724 832 1811 virtus,
854 1747 928 1818 quae
951 1736 1003 1790 tot
1024 1719 1118 1790 bellis
1140 1721 1232 1814 peri-

154 1825 302 1922 culisque
315 1842 407 1898 tanta
418 1843 553 1924 tamque
564 1829 730 1924 disjuncta
740 1844 907 1899 terrarum
917 1831 1023 1924 spatia
1034 1823 1232 1898 nobilitavit

153 1933 238 2002 Inde
257 1935 356 2004 tantis
371 1934 547 2005 Gallorum
562 1939 679 2006 animis
694 1937 870 2031 quaesitum
884 1961 925 2004 ao
939 1935 1148 2005 fundatuma
1163 1936 1232 2003 Go-

154 2039 286 2132 defrido
305 2041 349 2111 de
362 2044 535 2128 touillon,
550 2046 700 2113 Heroum
715 2045 877 2132 maximo,
893 2041 1233 2136 Hierosolymitanum

154 2170 306 2242 regnum.
329 2148 413 2218 Inde
436 2151 534 2218 toties
554 2173 574 2218 a
596 2152 719 2220 nostris
744 2151 880 2246 regibus
898 2149 1137 2243 nobilitateque
1159 2145 1234 2240 gal-

155 2251 220 2322 lica
252 2268 379 2324 tentata
408 2257 589 2351 AEgyptus‚
613 2270 815 2351 occupatum
836 2255 1234 2350 constantinopolitanum

156 2361 348 2456 imperium,
376 2363 454 2432 Asia
485 2361 610 2458 gallicis
646 2363 928 2433 dominationibus
960 2386 1121 2457 respersa.
1150 2360 1235 2429 Inde

156 2481 209 2536 tot
227 2468 315 2538 bella
336 2493 398 2564 per
422 2467 552 2539 Italiam
575 2483 676 2565 gesta.
695 2469 788 2579 Index
803 2494 908 2564 quum
926 2470 1096 2538 acerrimis
1117 2466 1235 2535 Ferdi-

157 2574 260 2644 nandi
278 2591 312 2646 et
325 2576 438 2648 Caroli
449 2580 483 2647 V
490 2576 622 2670 judiciis
641 2577 774 2646 adserta
785 2591 836 2647 est
850 2575 984 2672 publica
998 2571 1236 2668 tranquillitas,

157 2695 190 2750 et
208 2681 351 2778 politicis
370 2683 575 2779 ponderibus
593 2682 712 2753 librata
730 2687 867 2779 Europa
877 2731 894 2771 ,ι
907 2707 970 2752 nee
987 2683 1057 2777 jam
1071 2679 1159 2750 ullus
1180 2705 1236 2750 su-

157 2788 282 2882 perfuit
291 2787 416 2861 bellicis
429 2792 674 2862 incursionibus
684 2790 794 2881 locus,
806 2789 894 2861 Galli
905 2790 1082 2886 irrequieta
1093 2811 1153 2858 sua
1161 2812 1235 2856 mo-

157 2893 283 2966 bilitate
297 2912 443 2992 aguntur
458 2924 590 2994 semper
602 2912 636 2968 et
649 2899 942 2994 circumaguntur3
957 2913 1070 2992 atque,
1082 2894 1160 2965 licet
1172 2919 1236 2989 pa-

157 3003 255 3072 triam
270 3027 365 3073 suam
377 3003 559 3098 plurimum
572 3006 711 3094 faciant,
725 3021 896 3076 externam
911 3028 1078 3100 quamque
1088 3001 1236 3098 plerum-

158 3133 222 3203 que
235 3125 405 3205 spernant,
412 3109 527 3180 militia
533 3127 658 3201 tamen,
667 3113 806 3202 artibus,
814 3112 944 3200 litteris,
954 3111 1172 3198 commerciis,
1179 3111 1237 3178 mi-

158 3216 300 3287 nisteriis
312 3217 454 3314 denique
466 3219 620 3288 omnibus
629 3231 772 3288 utuntur
783 3233 817 3289 et
828 3219 1029 3314 quandoque
1040 3218 1236 3304 abutuntur,

159 3336 197 3391 ut
211 3327 330 3418 totum
343 3339 570 3421 pervagentur
588 3325 720 3415 orbem,
738 3327 785 3396 ita
798 3340 853 3414 ut,
869 3326 1014 3394 maxime
1028 3327 1062 3392 in
1081 3326 1238 3418 Europa,

159 3450 228 3499 non
241 3432 338 3520 urbs,
360 3457 430 3502 non
447 3432 625 3528 oppidum,
645 3457 732 3528 saepe
749 3457 792 3502 ne
809 3457 897 3502 unus
911 3432 1046 3526 quidem
1065 3432 1108 3499 sit
1127 3431 1238 3517 vicus,

160 3537 195 3604 in
217 3561 284 3632 quo
304 3538 421 3611 Gallus
444 3538 559 3636 aliquis
581 3560 650 3609 non
673 3553 837 3610 occurrat
859 3539 961 3626 Inde,
980 3541 1007 3608 si
1026 3535 1237 3607 bellioilaci·

160 3644 409 3733 noris,bellicae
432 3647 545 3744 gloriae
564 3671 639 3743 spes
661 3647 793 3742 uspiam
815 3644 1002 3742 adfirlgeat,
1023 3645 1138 3714 statim
1148 3667 1240 3738 praa·

159 3750 306 3822 tervolat
317 3753 454 3844 Gallus,
475 3767 538 3824 nec
551 3753 704 3824 locorum
718 3753 920 3843 intervallis,
936 3777 998 3823 nec
1012 3750 1243 3848 periculorum·

161 3857 413 3930 difficultatibus
441 3862 636 3953 deterritus,
658 3877 697 3932 ut
718 3887 835 3933 recens
853 3861 1019 3947 vidimus,
1042 3882 1146 3954 quum
1165 3858 1239 3925 exi·

162 3968 320 4062 guissima
343 3967 518 4039 Gallorum
539 3993 677 4060 manus,
703 3970 789 4041 duce
812 3971 886 4040 viro
908 3971 1004 4039 avitis
1025 3967 1132 4055 Boiis,
1150 3987 1246 4034 ceuu

161 4072 209 4143 du
224 4073 467 4145 Bourdonnais
475 4129 487 4166 ,
503 4079 562 4172 qui
582 4092 692 4149 totum
711 4078 816 4148 ferme
830 4077 948 4147 orbem
960 4073 1157 4145 militaribus
1172 4073 1242 4141 suis

163 4179 427 4277 expeditionibus
447 4183 712 4280 perlustrarent,
726 4188 839 4256 ammo
860 4198 895 4255 et
911 4185 1036 4256 virtute
1056 4179 1239 4279 simillimo,
