3000 5034
290 443 364 518 382
440 447 478 515 c.
506 446 650 515 recu
679 445 916 513 casinis
944 444 1223 514 contuear.
1303 399 1305 406 '

285 576 359 647 silio
374 579 536 673 capiendo
548 602 684 652 omnem
708 576 852 647 Galliam
871 578 1103 672 respiciamus,
1116 602 1217 671 quam
1230 574 1274 643 ad
1288 597 1365 645 nos·

286 699 377 756 trum
400 684 557 756 auxilium
582 685 827 753 concitavimus
839 684 861 752 ⁷.
885 684 999 773 Quid,
1021 685 1196 753 hominum
1222 680 1367 753 millibus

286 794 419 863 LXXX
434 817 503 862 uuo
522 791 597 861 loco
615 790 816 879 interfectis,
830 792 1027 885 propinquis
1046 791 1367 884 consanguineisque

286 900 409 971 nostris
424 900 525 970 antini
540 898 611 969 fore
627 899 839 985 existimatis,
855 899 882 967 si
896 921 990 993 paene
1005 900 1039 965 in
1053 899 1134 993 ipsis
1148 896 1366 966 cadaveribus

286 1004 400 1099 pralio
421 1004 591 1076 decertare
604 1002 797 1099 cogentur?
815 1003 927 1075 Nolite
944 1006 1007 1073 hos
1025 1019 1140 1073 vestro
1153 1002 1275 1072 auxilio
1290 1028 1366 1098 spo·

286 1109 387 1198 liare,
410 1113 467 1205 qui
485 1126 603 1181 vestrm
625 1110 739 1181 salutis
760 1136 861 1181 causa
882 1138 980 1181 cuum
1003 1111 1189 1205 periculum
1211 1109 1365 1204 neglexe-

286 1219 375 1305 rint;
391 1243 454 1291 nec
476 1217 614 1288 stultitia
635 1242 675 1287 ac
697 1221 882 1287 temeritate
904 1204 1043 1306 vestra⁸,
1061 1232 1120 1287 aut
1140 1215 1366 1286 imbecillitate
1413 1276 1420 1291 ,

286 1325 404 1411 annui,
418 1350 554 1396 omnem
575 1324 721 1399 Galliam
742 1339 953 1419 prosternere
976 1339 1010 1393 et
1030 1340 1201 1420 perpetua
1217 1324 1368 1394 servituti

285 1430 447 1505 addicere.
477 1433 552 1520 Au,
574 1431 664 1526 quod
689 1432 732 1501 ud
758 1432 848 1500 diem
877 1458 946 1501 non
968 1446 1153 1519 uenerimt,
1176 1432 1218 1500 de
1247 1456 1366 1500 comm

285 1536 351 1608 fide
379 1540 631 1632 constantiaque
658 1538 843 1607 dubitatis?
871 1539 961 1628 Quid
988 1538 1109 1633 ergo⁹l
1130 1541 1304 1607 Romanos
1332 1540 1366 1607 in

283 1642 346 1713 illis
372 1643 583 1715 ulterioribus
610 1646 850 1715 munitionibus
864 1644 888 1669 ¹⁰
911 1647 1071 1715 animi-ne
1098 1670 1198 1715 causa
1217 1644 1366 1739 quotidie

284 1754 431 1823 exerceri
448 1751 594 1846 putatis?
607 1754 642 1821 Si
662 1750 797 1821 illorum
819 1754 942 1822 nuntiis
961 1753 1154 1823 confirmari
1169 1778 1239 1821 non
1254 1766 1366 1847 potes·

284 1859 348 1945 tis,
369 1860 463 1929 omui
484 1859 576 1929 aditu
598 1874 786 1953 praesept03
808 1859 880 1929 iis¹¹
904 1861 1035 1927 utimini
1057 1860 1220 1948 testibus,
1243 1884 1389 1954 appron

284 1966 446 2058 pinquare
468 1988 585 2034 eorum
607 1965 813 2053 adventum3
835 1967 931 2059 eujus
953 1968 1001 2035 rei
1027 1968 1147 2035 timore
1167 1968 1319 2035 exterriti
1331 1965 1366 2055 ¹²,

275 2069 373 2138 >diem
393 2084 593 2165 noctemque
605 2074 639 2138 in
655 2097 757 2167 opere
777 2088 962 2141 versantur.
985 2074 1076 2163 Quid
1094 2098 1174 2168 ergo
1196 2075 1264 2141 mei
1284 2098 1364 2142 oon·

285 2174 346 2244 silii
366 2176 445 2245 est?
465 2180 612 2266 Facere,
630 2179 720 2273 quod
741 2182 847 2248 nostri
869 2181 1037 2272 majores,
1059 2204 1270 2275 nequaquam
1294 2182 1366 2275 pari

285 2280 372 2351 bello
395 2285 609 2353 Cimbrorum
629 2288 905 2381 Teutonumque,
921 2286 1094 2376 fecerunt;
1109 2288 1166 2381 qui
1187 2289 1222 2355 in
1240 2287 1366 2382 oppida

285 2389 471 2485 compulsi,
493 2416 533 2460 ac
561 2392 658 2461 simili
685 2395 798 2488 inopia
825 2394 953 2463 subacti
970 2402 1118 2481 ,corum
1143 2395 1365 2489 corporibus,

284 2498 341 2590 qui
355 2512 451 2566 aetate
469 2492 601 2567 inutiles
623 2499 666 2567 ad
688 2499 812 2568 bellum
835 2500 1057 2589 videbantur,
1077 2503 1180 2569 vitam
1201 2501 1364 2570 tolerave-

284 2590 407 2693 runt¹³,
421 2630 529 2699 neque
545 2631 580 2675 se
599 2606 750 2675 hostibus
777 2607 994 2677 tradiderunt.
1012 2608 1116 2701 Cujus
1135 2610 1183 2677 rei
1203 2609 1231 2677 si
1253 2634 1364 2677 exem-

285 2709 378 2804 plum
396 2737 464 2783 non
482 2712 703 2798 haberemus,
724 2728 837 2783 tamen
856 2713 1016 2783 libertatis
1038 2738 1138 2785 causa
1162 2716 1312 2804 institui,
1332 2730 1365 2783 et

326 2932 353 2981 7„
372 2911 556 2964 amavimus.
576 2912 644 2966 cod.
658 2914 748 2967 Petav.
768 2917 800 2968 ab
847 2920 965 2967 animi-ne
978 2936 1059 2968 causa.
1075 2914 1205 2968 Nonnulli
1221 2904 1302 2970 codd!
1315 2916 1362 2969 ha-

283 2990 460 3063 Oudendorp.
467 2992 571 3056 citatus,
579 2998 728 3047 concitemus.
737 2996 802 3047 Pro·
844 2996 926 3049 bent:
938 2997 1099 3047 Romanorum
1113 3000 1204 3047 am'mos
1217 3001 1268 3047 sine
1279 3016 1361 3051 causa.

284 3071 343 3142 prie
354 3071 404 3123 hac
415 3072 443 3124 in
453 3090 483 3123 re
496 3084 522 3124 et
537 3072 678 3143 eleganter.
845 3076 886 3127 Ita
899 3094 1005 3147 quoque
1017 3074 1076 3146 cod.
1089 3089 1179 3129 noster
1193 3076 1280 3147 5763.
1289 3078 1363 3129 Alter

326 3152 352 3203 8.
367 3151 490 3205 Nolite...
503 3172 546 3203 nec
554 3154 659 3205 stultitia
667 3174 696 3205 ac
706 3160 799 3206 temeri·
844 3153 932 3208 idem:
945 3154 991 3208 sed
1007 3156 1176 3209 emendatum
1188 3169 1227 3209 est
1242 3174 1361 3211 arecen·

283 3243 333 3282 tate
341 3244 437 3293 cestra,
450 3244 494 3284 etc.
505 3232 620 3286 Gemina
638 3246 677 3287 est
693 3235 800 3306 negatio
845 3236 913 3288 tiore
928 3254 1018 3287 manu.

282 3330 334 3383 pro
347 3330 409 3364 una.
418 3313 527 3364 Terent.
540 3311 625 3367 Andr.
633 3326 683 3367 aet.
695 3333 716 3378 1,
724 3334 760 3367 se¹
773 3333 798 3368 2:
888 3334 932 3368 10.
953 3314 1111 3367 Ulterior-thus
1127 3318 1306 3371 munitionibus.
1321 3318 1360 3369 De

283 3411 308 3445 v.
324 3392 374 3445 35:
386 3412 460 3465 neque
476 3405 502 3443 tu
519 3393 587 3444 laad
601 3394 667 3445 dicas
687 3394 733 3445 titt
751 3414 800 3446 nou
844 3394 943 3466 quibus
959 3414 1054 3467 supra,
1073 3403 1119 3467 74.

277 3472 431 3542 praedictum
442 3492 545 3525 morem
555 3473 711 3526 Graecorum
727 3492 800 3527 secu·
888 3494 932 3527 11.
949 3477 991 3528 Ir's.
1010 3476 1071 3529 Scit.
1087 3475 1222 3529 Romanis.

282 3552 418 3623 tus‚apud
433 3571 500 3623 quos
512 3550 571 3605 duae
580 3555 709 3624 negativae
720 3554 799 3607 vehe·
887 3574 932 3607 η.
943 3556 1019 3625 Cujus
1028 3560 1064 3606 rei
1069 3560 1275 3611 timoreeetenu'ti.
1287 3557 1362 3610 Non·

281 3634 397 3685 mentius
406 3644 512 3703 negant.
529 3634 623 3685 strs.
842 3635 910 3687 nulli
925 3636 1039 3688 habent:
1052 3641 1094 3707 qui
1107 3637 1177 3707 liujus
1192 3641 1228 3687 rei
1243 3640 1359 3689 exterriti.

323 3733 350 3782 9.
369 3714 440 3779 (tuid
448 3720 522 3782 ergo?
535 3714 669 3775 Romanos,
681 3724 726 3765 etc.
736 3714 797 3765 Mo·
886 3716 930 3769 13.
945 3714 1091 3787 Corporibus
1102 3721 1180 3767 vitam
1191 3716 1358 3769 toLernuerurrt.

280 3811 326 3845 rus
336 3792 395 3845 vult
410 3794 466 3844 sine
480 3792 652 3845 distinctione
662 3793 728 3863 legi3
739 3794 800 3866 quid
841 3795 994 3851 Mactarunt
1007 3796 1136 3861 infantes,
1151 3809 1177 3849 et
1198 3797 1307 3851 inutiles
1327 3794 1360 3849 ad

280 3892 339 3945 ergo
349 3874 469 3924 Romanos
483 3877 509 3923 in
522 3874 571 3925 tuo
586 3873 737 3925 ulteriorlbio
748 3894 799 3925 mu·
841 3875 956 3942 bellum,
971 3888 1001 3927 ut
1024 3876 1076 3947 ipsi
1102 3877 1199 3928 famem
1223 3878 1360 3949 explerent

280 3953 410 4004 m'u‘om'bus
425 3953 531 4024 quotidie
552 3958 657 4005 exerceri
672 3958 767 4025 putatis
783 3962 798 4005 ι’
842 3974 924 4008 suam.
940 3956 1026 4009 Multa
1040 3958 1137 4029 passim
1149 3958 1229 4028 hujus
1243 3956 1359 4009 crodeb-

282 4033 354 4102 (tau
366 4053 435 4103 ergo,
445 4052 496 4104 pro
510 4052 625 4103 curergo.
639 4034 795 4105 Perperam:
841 4036 901 4088 tatis
921 4050 1066 4089 occurrunt
1080 4038 1216 4108 exempla,
1226 4056 1286 4108 quae
1297 4038 1324 4091 h.
1340 4036 1358 4088 l.

280 4130 330 4164 nee
345 4113 399 4165 ulla
414 4114 466 4166 hoe
481 4114 544 4166 loco
559 4115 608 4166 alia
623 4115 736 4167 varietas
745 4115 797 4167 lec·
841 4132 997 4169 enumerare
1008 4136 1057 4171 nec
1073 4136 1130 4183 res,
1147 4136 1196 4171 nee
1207 4129 1313 4189 tempus
1323 4114 1357 4169 si·

282 4192 441 4260 tionis,nisi
457 4192 531 4265 quod
544 4213 595 4266 pro
608 4196 729 4248 Romanos
730 4235 795 4249 .....
840 4209 919 4250 nunt.
986 4237 1004 4264 ,
