3000 5034
211 503 214 510 ’
261 503 339 606 ΒΕ
363 501 549 570 BELLO
577 503 843 572 GALLICO.
872 504 972 572 LIB.
1000 507 1028 572 Ι.
1137 493 1188 590 ii

15 691 23 732 3.
117 652 179 706 tam
199 609 427 730 arrogaritiam
445 649 655 729 sumpserat,
678 649 716 704 ut
740 635 895 705 ferendus
917 654 987 705 non
1010 631 1193 726 videretur.

15 759 16 766 ’
168 746 333 812 XXXIV.
365 742 595 834 Quamobrem
625 741 750 836 placuit
780 745 828 830 ei,
847 757 885 810 ut
915 744 957 812 ad
986 744 1190 812 Ariovistum

117 849 237 944 legatos
255 848 265 873 ¹
289 850 454 937 mitteret,
468 851 525 943 qui
547 849 589 916 ab
614 873 654 917 eo
676 844 901 944 postularent,
916 852 966 918 uti
987 848 1193 944 aliquem‘lo·

15 971 16 978 ’
118 981 190 1026 curn
214 957 365 1026 medium
390 957 565 1050 utriusque
582 954 751 1050 colloquio
765 954 914 1025 diceret²
930 955 1040 1026 .velle
1057 979 1128 1026 sese
1149 957 1194 1024 de
1290 948 1293 953 ¹

15 1085 16 1092 ³
120 1062 285 1157 republica
308 1075 343 1132 et
368 1064 511 1134 summis
528 1064 705 1194 utriusque³
724 1064 824 1133 rebus
848 1087 926 1132 cum
947 1080 989 1132 e'o
1017 1086 1125 1158 agere.
1151 1065 1193 1131 Ei

15 1211 16 1240 i
120 1167 270 1263 legationi
298 1171 485 1238 Ariovistus
513 1155 724 1264 respondit³z
746 1199 763 1235 e
786 1173 821 1239 Si
842 1170 952 1265 quid
943 1172 1008 1265 ipsi
1027 1195 1048 1238 a
1061 1173 1196 1240 Caesare
1237 1166 1240 1173 ’

15 1299 16 1304 ’
121 1289 411 1370 opusesset‚sose
434 1276 574 1345 adeum
596 1290 776 1346 venturum
797 1277 917 1364 brisse;
931 1276 1060 1371 siquid
1083 1276 1137 1345 ille
1158 1301 1196 1345 se

15 1469 17 1472 Ι
121 1382 211 1470 velit,
226 1330 325 1452 illuni
345 1383 387 1450 ad
410 1405 445 1452 se
466 1383 580 1452 venire
597 1397 762 1478 oportere.
775 1386 939 1452 Praeterea
953 1405 988 1452 se
1002 1409 1109 1478 neque
1123 1385 1195 1452 sine

15 1543 16 1548 η
121 1491 263 1558 exercitu
284 1491 320 1557 in
342 1512 397 1558 eas
418 1504 530 1585 partes
552 1489 668 1560 Galliae
689 1489 803 1558 venire
825 1489 966 1576 audere,
981 1514 1063 1584 quas
1081 1492 1197 1559 Caesar

121 1597 320 1689 possideret3
338 1621 446 1735 neque
467 1599 649 1666 exercitum
664 1598 734 1666 sine
753 1617 876 1690 magno
894 1609 1082 1665 commeatu
1096 1610 1197 1690 atque

15 1697 21 1710 '
121 1690 375 1772 emolimento‘l'
365 1729 400 1772 in
414 1728 520 1772 unum
534 1703 645 1774 locunt
659 1704 857 1773 contrahere
871 1724 990 1798 posse:
1007 1703 1069 1772 sibi
1083 1713 1195 1770 eutem
1232 1782 1235 1788 ¹

121 1811 240 1878 mirum
260 1809 386 1898 videri,
403 1810 521 1905 quid
511 1837 546 1878 in
572 1836 633 1880 sua
655 1796 785 1880 Gallia⁵
787 1832 916 1905 ‚quam
935 1809 1023 1879 bello
1044 1811 1197 1896 vicisset,

15 1969 17 1976 ,
122 1931 174 1984 aut
193 1918 341 2004 Caesari,
359 1932 418 1986 aut
435 1919 573 1986 omnino
586 1917 715 2014 Populo
729 1921 884 1986 Romano
899 1919 1024 2012 negotii
1037 1927 1131 1985 esset.
1149 1945 1167 1981 u

154 2027 318 2093 XXXV.
342 2026 403 2092 His
425 2026 594 2126 responsis
611 2025 654 2094 ad
672 2028 839 2094 Caesarem
857 2022 1005 2112 relatisf,
1016 2027 1136 2092 iterum
1154 2023 1199 2106 ari

121 2153 194 2197 eum
218 2133 333 2199 Caesar
355 2129 463 2225 legato
443 2155 577 2222 oscum
598 2132 650 2226 his
667 2132 834 2205 mandatis
850 2133 971 2212 mittit:
991 2131 1198 2220 «Quoniam

122 2249 212 2305 tanto
241 2261 304 2305 suo
334 2236 516 2334 populique
542 2240 672 2306 romani
701 2236 894 2308 beneficio²
910 2237 1072 2331 affectus,
1093 2262 1199 2330 quum

122 2343 153 2410 in
174 2342 353 2412 consulatu
383 2368 444 2438 suo
474 2369 533 2412 rex
552 2357 651 2440 atque
673 2337 809 2414 amicus
827 2371 847 2413 a
868 2342 993 2414 Senatu
1014 2343 1199 2439 appellatus

159 2589 226 2642 Car.
247 2589 379 2642 XXXIV.
404 2607 428 2641 1.
454 2589 567 2660 Legatos.
594 2589 636 2642 Al.
681 2593 817 2642 nimentum.
833 2587 1123 2652 SedRuhnlsenius,et
1137 2599 1200 2642 ante

123 2669 235 2738 legatum.
249 2669 304 2722 Alii
318 2669 446 2721 omittunt
458 2669 510 2721 hoc
525 2670 638 2722 verbbm
681 2688 743 2722 eum
758 2669 892 2723 Gesnerus
907 2670 935 2722 in
955 2669 1022 2722 thes.
1038 2669 1113 2721 latin.
1131 2668 1196 2739 ling.

123 2748 193 2820 quod
206 2749 295 2820 reipsa
310 2760 398 2820 potest
412 2748 508 2802 omitti.
525 2749 564 2801 M.
681 2749 762 2802 scribi
777 2747 875 2802 debere
884 2748 1051 2803 contendunt
1062 2750 1197 2800 emolimen-

163 2849 189 2881 α.
211 2830 319 2881 Diceret.
336 2829 637 2894 Constitueret,solem-
682 2841 743 2892 nem,
761 2830 809 2881 ubi
825 2829 927 2893 molitio,
945 2828 1018 2882 nisus
1033 2829 1077 2895 fit,
1093 2843 1120 2882 et
1135 2848 1199 2879 emo·

123 2927 155 2960 ne
170 2910 298 2975 verbum,
313 2921 344 2960 ut
359 2907 420 2960 dcem
437 2909 515 2960 dr'cere
530 2928 572 2979 ap.
589 2928 637 2980 op·
682 2910 811 2960 lomentum
823 2907 877 2962 dici
888 2908 922 2962 de
933 2907 1054 2980 profectu
1069 2922 1095 2962 et
1108 2910 1199 2961 fructu

124 2989 200 3040 timos
211 2989 361 3059 scriptores.
369 2987 439 3040 Edd.
447 3001 510 3042 vett.
520 3000 546 3040 et
558 2987 637 3063 could.
681 2988 837 3042 molitionis.
853 2991 894 3042 Ita
908 2990 976 3055 iere,
985 2989 1033 3042 sed
1048 2989 1132 3042 fusius
1146 2988 1199 3041 dis·

123 3069 248 3140 permulti
264 3069 386 3138 deligeret.
403 3068 493 3121 Minus
508 3069 585 3121 bene.
681 3069 851 3122 serit-Obori.
871 3070 935 3122 Haec
955 3082 1043 3123 autem
1061 3068 1198 3122 distinctio

163 3149 190 3202 3.
213 3147 352 3202 Ariovistus
367 3147 495 3219 respondit.
516 3143 565 3200 His
578 3167 639 3202 ver·
681 3149 751 3201 inter
777 3150 956 3202 emolumentum
979 3161 1006 3202 et
1026 3150 1198 3201 emolimentum

57 3266 62 3276 .
123 3227 163 3286 bis
175 3227 249 3282 Flor.
262 3228 470 3294 111‚10‚Ariov.
482 3247 641 3324 responsura
681 3228 806 3284 subtilior
820 3229 901 3302 paulo
916 3230 994 3282 nobis
1008 3229 1064 3283 visa
1078 3242 1125 3281 est.

40 3322 44 3334 ·
124 3309 222 3361 refert.
237 3309 300 3376 Ques
313 3319 438 3360 estoutem
453 3307 641 3362 Caesar³Etri
725 3309 750 3362 5.
772 3309 824 3362 Sua
842 3306 935 3362 Gallia.
951 3311 1011 3360 Jarn
1027 3329 1094 3360 ruam
1110 3308 1198 3378 appel·

125 3389 188 3451 uult,
198 3392 284 3439 veniat
286 3391 389 3460 ,inqua
403 3387 441 3440 Ee
454 3389 513 3460 quid
520 3389 592 3440 ad
562 3410 569 3440 r
590 3409 637 3452 um,
681 3389 754 3441 labat
773 3389 936 3453 Ariovistus,
952 3389 1052 3464 quippe
1072 3389 1119 3458 qui
1139 3406 1198 3440 eam

15 3473 34 3488 ⁹
126 3469 183 3540 quid
205 3479 268 3538 aget
291 3481 373 3520 nostre
396 3467 554 3522 Germaniae
574 3469 640 3524 Num
682 3468 802 3533 vicisset,
818 3480 844 3520 et
865 3460 946 3520 totius
967 3461 1127 3538 occupandae
1150 3486 1197 3538 spe

126 3567 168 3617 ego
183 3568 220 3599 me
236 3552 361 3619 inteqaono
375 3547 511 3600 Romanae
684 3549 806 3601 aleretur.
820 3548 952 3601 Caeterum
967 3548 1048 3600 fastus
1063 3559 1090 3598 et
1105 3566 1198 3618 super·

165 3635 192 3692 4.
213 3625 387 3681 Emolimento.
405 3629 523 3693 Labore,
543 3633 640 3700 operi,
683 3627 1197 3700 biaeplenumestAriovistiresponsum.

126 3725 140 3759 a
153 3709 237 3760 verbo
253 3709 359 3772 emoliri,
378 3708 526 3774 moliendo,
542 3728 641 3762 conan-
726 3709 791 3762 Car.
805 3703 912 3761 XXXV
914 3749 921 3761 .
936 3727 961 3762 1.
975 3709 1074 3760 Reate.
1084 3709 1125 3760 Ita
1133 3727 1199 3778 quo·

126 3784 360 3860 doquepervenire
369 3787 582 3857 aliquo‚eflioere
594 3788 643 3841 ali·
685 3807 737 3860 que
751 3809 791 3860 gr.
804 3788 915 3860 interpr.
926 3790 1018 3841 τούτων
1034 3796 1074 3859 τῷ
1088 3789 1197 3858 Καίσαρι

126 3865 198 3937 quid.
226 3867 345 3934 Quidam
371 3867 517 3932 molimento,
547 3867 643 3922 eodem
687 3870 899 3940 ἀπαγγελθέντων.
909 3869 979 3920 Male
989 3867 1068 3922 codd.
1078 3867 1162 3920 nostri
1171 3879 1199 3920 et

125 3964 210 4000 sensu.
234 3946 322 4000 Codd.
353 3947 409 4000 fere
437 3967 528 4002 omnes
557 3950 643 4002 emolu·
686 3946 746 4002 edd.
760 3962 824 4003 vett.
840 3949 935 4019 legatis.

126 4024 598 4099 mento.Grrecusinterpresrlozotiuv.
609 4031 644 4082 At
728 4049 754 4082 a.
775 4031 808 4082 P.
823 4031 855 4082 R.
870 4027 989 4099 beneficio.
1007 4029 1084 4099 Supr.
1107 4046 1130 4080 c.
1149 4027 1196 4080 33.

124 4107 245 4182 plerique
258 4109 418 4179 interpretes
427 4127 484 4160 non
499 4109 581 4179 magis
594 4107 644 4162 dif-
686 4109 771 4162 Porro
791 4128 887 4181 magno
907 4108 1006 4160 honori
1025 4127 1081 4162 esse
1099 4109 1200 4160 solebat
1261 4136 1263 4141 ·

126 4187 195 4239 serre
209 4189 306 4260 puta'nt
326 4189 498 4240 emolimentum
514 4201 541 4240 et
554 4191 642 4241 emolu·
686 4190 837 4244 societatem
850 4201 877 4242 et
891 4189 1034 4242 amicitiam
1049 4189 1079 4241 P.
1096 4191 1127 4242 R.
1142 4186 1201 4240 adi·

127 4279 239 4332 mmmm,
254 4287 337 4341 quarn
354 4281 527 4322 monumentum
544 4281 572 4322 et
591 4288 641 4320 mo·
685 4269 761 4340 pisci.
795 4329 800 4337 ι
