3000 5034
310 494 387 593 396
467 501 506 568 c.
533 496 675 565 iunii
702 493 934 566 crassius
962 490 1236 563 conmuni.

307 630 441 717 vernis,
459 628 560 725 siper
577 652 635 698 eos
654 628 804 697 civitates
825 648 1022 721 recuperare
1045 638 1180 721 posset,
1194 648 1235 695 ex
1248 620 1384 719 reliquis

307 737 447 829 captivis
468 750 540 805 toto
562 736 709 805 exercitu
730 735 841 830 capita
862 730 992 828 singula
1012 731 1133 828 praedae
1154 733 1289 801 nomine
1317 730 1384 799 dis-

307 842 432 911 tribuit.

361 950 434 1018 XC.
463 949 524 1017 His
537 948 643 1017 rebus·
655 946 837 1034 consectis,
852 947 885 1015 iu
900 945 1025 1015 AEduos
1044 943 1288 1039 proficiscitur3
1303 945 1384 1012 civi·

309 1067 412 1123 tatem
427 1056 553 1149 recipit.
567 1057 619 1124 Eo
632 1052 731 1148 legati
746 1053 789 1121 ab
802 1053 959 1123 Arvernis
975 1052 1083 1140 missi,
1098 1076 1171 1147 quae
1186 1052 1385 1145 imperaret,

310 1185 346 1229 se
363 1160 510 1230 facturos
528 1159 736 1256 pollicentur.
753 1163 902 1254 Imperat
921 1182 1081 1253 maguum
1103 1157 1386 1229 uumermnobsi·

308 1266 399 1336 dum.
418 1270 582 1362 Legiones
596 1269 631 1335 in
646 1267 787 1337 hiberna
803 1268 925 1335 mittit:
943 1267 1152 1359 captivorum
1170 1265 1305 1335 circiterv
1316 1264 1387 1333 XX

309 1372 412 1443 millia
439 1374 553 1444 AEduis
579 1372 958 1467 Arvernisquevreddit:
981 1374 1017 1441 T.
1042 1372 1227 1443 Labienum
1249 1394 1328 1439 cum
1351 1371 1386 1439 ΙΙ

309 1476 495 1575 legionibus
516 1494 551 1549 et
566 1482 714 1574 equitatu
735 1482 770 1547 in
792 1481 963 1573 Sequanos
985 1478 1151 1573 proficisci
1169 1478 1285 1571 jubet:
1306 1477 1387 1547 huic

309 1587 358 1656 M.
381 1589 616 1682 Sempronium
627 1586 789 1659 Rutilium
803 1584 991 1655 attribuit¹:
1008 1588 1046 1654 C.
1062 1586 1200 1654 Fabium
1218 1598 1252 1653 et
1265 1586 1305 1653 L.
1321 1584 1387 1651 Mi-

310 1694 447 1763 nucium
466 1692 613 1764 Basilum
626 1718 703 1763 cum
721 1696 758 1761 ΙΙ
775 1692 962 1788 legionibus
982 1694 1017 1760 in
1029 1694 1143 1761 Remis
1165 1689 1329 1778 collocat,
1343 1714 1387 1759 ne

309 1823 411 1893 quam
426 1824 446 1867 a
460 1799 607 1888 finitimis
624 1798 807 1871 Bellovacis
826 1797 1045 1871 calamitatem
1071 1799 1244 1893 accipiant
1260 1800 1299 1866 C.
1317 1798 1387 1865 An-

307 1906 435 1975 tistium
450 1907 615 2000 Reginum
628 1907 662 1975 in
675 1906 927 1994 Ambiuaretos,
940 1908 977 1974 T.
994 1906 1142 1977 sortium
1157 1907 1191 1975 in
1206 1905 1387 1997 Bituriges,

310 2013 348 2080 C.
365 2012 543 2081 Caninium
561 2010 717 2080 Rebilum
730 2012 764 2080 in
780 2014 930 2082 Rutenos
950 2038 1027 2081 cum
1050 2010 1186 2109 siugulis
1199 2009 1387 2104 legionibus

310 2118 420 2187 mittit·
438 2120 481 2208 Q.
494 2116 639 2187 Tullium
661 2120 859 2191 Ciceronem
872 2134 905 2189 et
919 2122 954 2189 P.
971 2116 1155 2215 Sulpicium
1169 2115 1336 2187 Cabilloni
1354 2130 1389 2187 et

265 2363 268 2370 ι
309 2340 421 2399 repente
435 2326 470 2381 ad
481 2328 611 2383 Cmsarem
626 2329 826 2395 veuisse,mul·
871 2348 930 2401 qun
941 2330 1005 2382 urbs
1020 2329 1116 2383 merito
1130 2348 1176 2381 arx
1193 2330 1387 2383 etmuuimeu·

311 2419 405 2480 touque
419 2408 466 2461 illo
480 2408 620 2481 inopinato
632 2408 749 2465 adventu
764 2429 826 2482 per·
870 2422 929 2463 tum
939 2409 1038 2464 Gallia
1053 2410 1082 2463 iu
1094 2410 1275 2463 eaoccesioue
1287 2410 1387 2475 fiebat,

312 2488 432 2543 turbatos
446 2489 536 2544 titisse
552 2489 632 2544 Haud
647 2490 746 2562 injusta
764 2509 827 2545 saue
870 2488 927 2543 baec
947 2489 1248 2561 omniniperitissimum
1269 2500 1388 2561 arguunt

198 2567 202 2574 '
312 2567 440 2621 Hotrnani
453 2569 561 2635 critica3
577 2590 640 2624 uam
655 2569 752 2625 dehis
773 2570 826 2625 cir·
870 2567 1388 2642 ducem,certeuouincusaudum,prop·

312 2649 491 2716 cummunis,
503 2652 655 2703 neverburu
665 2649 776 2722 quidem
788 2650 827 2703 in·
870 2662 911 2703 ter
920 2650 1052 2705 inscitiam
1059 2649 1387 2716 ducum,lortuuaan-

313 2728 477 2783 uuitCrcsar.
491 2729 543 2783 Sed
553 2729 628 2802 quod
635 2730 673 2783 ait
684 2729 757 2783 idem
764 2731 826 2797 Dio,
870 2730 935 2783 saris
951 2743 978 2785 et
991 2730 1195 2803 experientiam,
1211 2731 1315 2796 robur,
1331 2730 1387 2783 for-

312 2808 573 2880 Vercingetorigem,
588 2810 716 2881 quoniam
735 2811 827 2863 amici·
870 2810 1066 2882 titudinemque
1081 2809 1202 2882 inhujus
1217 2810 1283 2863 belli
1299 2811 1387 2865 curri·

312 2887 826 2961 titcjuraviolassct‚iutriumphoduc·
870 2888 1387 2965 culo,llnmauiscomltesassiduos.Di·

313 2978 372 3019 tum
381 2985 436 3021 esse
447 2980 474 3020 et
486 2967 594 3023 taudem
606 2969 789 3037 interfectum,
797 2969 827 3024 id
869 2989 937 3041 gnus
947 2984 1039 3025 nostro
1049 2968 1153 3042 judicio
1164 2970 1386 3041 Vercingetorix,

313 3047 452 3118 probabile
460 3046 606 3102 admodum
616 3049 648 3103 tir
661 3069 693 3103 ex
706 3050 827 3107 moribus
867 3051 1016 3121 vquiabuuo
1029 3052 1132 3105 essars
1137 3050 1300 3116 vinceretur,
1308 3063 1387 3123 atque

309 3126 511 3195 Romanorum,
520 3141 548 3183 et
557 3130 663 3185 silentio
675 3130 785 3185 Caesaris
793 3130 827 3185 de
869 3131 979 3185 ultimus
985 3131 1126 3185 Gallorum
1132 3131 1247 3185 istorum
1261 3132 1311 3203 qui
1321 3132 1387 3185 olim

314 3203 456 3278 hujugviri
467 3222 546 3264 sorte.
564 3210 747 3282 ceteroquin,
757 3214 827 3265 Ver·
869 3212 965 3265 urbem
978 3210 1104 3265 incendio
1119 3212 1388 3285 vastaverant,Capi·

314 3284 461 3358 cingetorix
481 3289 533 3344 fuit
552 3289 623 3343 iuter
648 3291 713 3345 alios
735 3292 827 3349 Gallos
869 3291 965 3344 tolinm
978 3290 1164 3357 ascenderant,
1176 3291 1314 3363 templum
1324 3292 1386 3345 Del·

315 3368 428 3421 maxime
435 3368 703 3437 commendaudmet
710 3391 759 3425 suo
765 3390 828 3427 oon·
869 3370 981 3443 phicum
995 3373 1189 3444 spoliaverunt,
1206 3384 1234 3425 et
1249 3390 1326 3427 arma
1341 3390 1386 3425 sus

315 3448 395 3501 stanti
404 3448 562 3521 iupatriam
572 3470 677 3518 amore,
692 3470 739 3505 sua
751 3452 829 3507 sorti·
870 3450 904 3505 ad
917 3452 1064 3507 Caucasum
1069 3465 1187 3511 montem
1194 3430 1386 3523 perdrdmm,

315 3525 425 3594 tudine,
442 3549 541 3602 suaque
556 3532 585 3583 iu
604 3551 634 3585 re
648 3532 760 3585 militari
779 3552 826 3604 pe-
870 3532 967 3586 merito
981 3530 1115 3591 diceretur
1130 3545 1208 3605 atque
1226 3551 1386 3585 annumera-

314 3606 376 3660 ritiu
392 3626 399 3660 :
415 3628 478 3663 uam
492 3622 520 3664 et
533 3611 634 3664 bellum
655 3612 827 3667 scientissime
869 3624 952 3667 retur.

314 3688 408 3758 genii,
424 3690 629 3761 spumesmnn
642 3690 828 3764 inposuere
910 3674 1125 3747 curcum
1138 3691 1306 3763 semmam
1315 3692 1386 3745 uss·

305 3766 426 3827 ⁴Caesaris
444 3771 495 3823 iter
511 3769 545 3824 ad
560 3771 725 3841 provinciam
741 3771 827 3844 impe·
870 3773 928 3826 lium
947 3772 1003 3827 linio
1020 3772 1138 3825 attribuit.
1163 3772 1252 3825 Julius
1278 3772 1385 3836 Celsus,

316 3842 400 3915 diret,
415 3860 447 3901 ut
461 3863 553 3903 contra
562 3869 625 3903 eum
639 3850 730 3905 Gallos
744 3871 828 3905 arma
869 3852 986 3923 collegam
999 3852 1057 3915 dat,
1071 3850 1145 3923 quud
1154 3870 1210 3904 uon
1226 3852 1324 3923 placet.
1338 3854 1383 3905 At-

314 3940 371 3989 ret,
394 3941 421 3981 et
441 3930 588 3987 exercitum
611 3950 752 3988 romanum
771 3952 826 3987 uuo
870 3932 965 3985 tribuit
976 3932 1028 3987 hoc
1042 3932 1102 3987 loco
1118 3930 1384 4003 caesutadjutoreu.

307 4008 391 4079 qussi
405 4008 461 4062 ictu
476 4008 651 4070 transfoderet
665 4030 672 4064 :
687 4012 827 4084 Gergovia
870 4010 1118 4065 velvicariumvdat.
1129 4011 1383 4077 sielih..v‘111‚c.6,

316 4084 463 4143 obsidionis
477 4091 590 4156 solutio,
604 4090 656 4145 iter
678 4096 735 4164 ejus
751 4095 827 4163 juxta
870 4091 907 4146 ait
922 4092 1047 4147 Hirtius:
1063 4096 1089 4143 in
1096 4090 1162 4161 fines
1176 4092 1385 4163 Suessionronqui

315 4166 402 4238 ripam
409 4169 543 4237 Elaveris,
552 4170 708 4225 Novioduni
716 4191 828 4244 oocupa-
852 4196 853 4200 ¹
870 4173 1031 4225 Remiserunt
1045 4172 1161 4227 attributi.
1178 4172 1234 4225 Ubi
1249 4169 1382 4235 attributi,

310 4248 628 4327 ⁸tio,castrametatioejus
636 4252 827 4320 auteAlesiam,
869 4265 933 4315 sunt
951 4252 1068 4317 clientes,
1085 4252 1211 4333 Vossius,
