3000 5034
337 462 414 551 ²322
469 465 507 535 G.
535 462 1283 572 JUL11oAEsAn1scontMnNr.

335 600 414 692 pina
447 596 557 669 Gallia
584 594 728 667 consulis
757 610 965 666 sacramento
991 598 1176 691 rogavisset
1194 582 1219 685 ⁵,
1244 596 1289 667 ad
1312 597 1395 692 signa

334 707 532 795 convenire,
556 718 591 773 et
618 703 661 773 ad
686 728 722 773 se
750 702 918 798 proficisci
938 702 1097 796 juberet:
1120 705 1233 797 magni
1249 705 1394 774 interesse

333 812 433 879 etiam
457 813 492 880 in
517 800 681 907 reliquum
705 825 838 905 tempus
862 808 906 878 ad
931 809 1123 905 opinionem
1141 795 1279 879 Galliae⁶
1296 812 1393 879 existi

243 1010 246 1016 .
332 941 446 1004 mans,
464 932 574 986 tantas
595 916 701 986 videri
718 915 823 986 Italiae
841 914 1032 1005 facultates,
1047 929 1103 1005 ut,
1125 917 1153 985 si
1170 916 1251 1009 quid
1268 919 1394 986 essetin

330 1021 420 1091 bello
442 1023 630 1093 detrimenti
653 1036 848 1118 acceptrnn,
868 1041 939 1093 non
961 1022 1062 1092 modo
1083 1021 1119 1091 id
1139 1023 1233 1091 brevi
1255 1036 1394 1119 tempore

331 1131 446 1198 sarciri
454 1129 479 1217 ⁷,
492 1130 551 1199 sed
564 1132 664 1200 etiam
681 1130 864 1223 majoribus
878 1129 1037 1225 adaugeri
1053 1129 1157 1224 copiis
1169 1142 1289 1224 posset
1302 1129 1394 1219 Quod

330 1260 435 1329 quum
450 1238 628 1332 Pompeius
639 1252 674 1306 et
691 1234 881 1332 reipublicae
899 1250 933 1306 et
949 1237 1102 1305 amicitiae
1114 1235 1302 1323 tribuisset,
1318 1235 1393 1306 cele·

329 1342 410 1410 riter
431 1342 585 1414 confecto
603 1368 664 1438 per
682 1368 759 1413 suos
778 1341 920 1430 dilectu,
938 1342 1044 1412 tribus
1067 1355 1144 1411 ante
1164 1356 1317 1413 exactam
1332 1342 1393 1414 bie-

329 1472 417 1516 mem
442 1463 476 1519 et
502 1451 689 1519 constitutis
714 1462 748 1517 et
772 1447 924 1519 adductis
947 1448 1150 1544 legionibus,
1169 1447 1394 1545 duplicatoque

327 1578 454 1629 earum.
472 1556 661 1626 cohortium
686 1580 845 1644 numero,
863 1579 945 1650 quas
969 1579 1048 1625 cum
1073 1557 1116 1644 Q.
1135 1556 1263 1624 Titurio
1286 1557 1393 1624 amise·

326 1674 404 1749 rat,
429 1676 463 1731 et
487 1662 656 1733 celeritate
681 1676 715 1731 et
740 1663 846 1758 copiis
869 1661 1002 1752 docnit,
1023 1662 1104 1755 quid
1130 1659 1247 1756 populi
1271 1662 1393 1731 romani

325 1764 498 1861 disciplina
516 1783 616 1862 atque
633 1793 715 1863 opes
733 1753 895 1863 possent⁸.

378 1874 422 1941 ΙΙ.
442 1874 624 1943 Interfecto
643 1874 892 1963 Indutiomaro,
905 1888 942 1943 ut
957 1872 1150 1958 docuimus,
1168 1872 1212 1942 ad
1229 1874 1303 1966 ejus
1324 1898 1393 1968 pro·

324 1976 467 2071 pinquos
486 2004 507 2049 a
526 1980 671 2051 Treviris
689 1981 866 2075 imperium
890 1976 1048 2051 defertur.
1067 1978 1121 2050 Illi
1138 1978 1299 2050 finitimos
1316 1982 1392 2049 Ger·

322 2174 446 2230 mandata
456 2190 564 2232 senatus
573 2180 625 2233 sibi
636 2178 782 2251 deleganda
790 2200 838 2236 on-
884 2180 1025 2245 Christum
1040 2192 1067 2233 et
1076 2200 1122 2253 per
1140 2179 1258 2253 spiram
1272 2192 1391 2242 emtum,

321 2268 426 2311 raverat
440 2259 648 2332 Pompeius,rei
657 2260 839 2315 frumentariae
882 2274 908 2313 et
917 2282 964 2334 por
978 2264 1125 2333 πψτηιαν»
1134 2262 1299 2333 Imperatorio.

321 2354 408 2392 cama
422 2338 491 2392 Nam
506 2357 537 2392 ea
551 2352 608 2393 erat
623 2340 740 2395 hominis
756 2342 839 2395 ambi·
922 2346 950 2397 6.
961 2343 1008 2396 Aa
1020 2346 1154 2415 opinionem
1173 2341 1275 2397 Gallio.
1294 2339 1329 2395 ld
1341 2352 1391 2403 est,

321 2416 378 2483 tio,
390 2426 422 2470 nt
435 2434 541 2491 semper
554 2436 665 2493 qrtoquo
683 2420 766 2473 modo
787 2422 836 2474 oli·
881 2422 1033 2477 existimans
1053 2422 1299 2495 mngniintereooe‚
1314 2432 1392 2474 tantas

203 2515 205 2521 ·
319 2494 387 2569 quid
400 2499 552 2566 esoevelleu
562 2500 837 2571 utque,sublatacan·
879 2500 967 2556 videri
982 2502 1119 2557 facultates
1141 2502 1243 2568 ltalia,
1258 2516 1292 2556 nt
1311 2500 1391 2555 Gallio

319 2595 362 2642 aa,
373 2576 549 2632 nihilominus
561 2579 705 2651 imperium
712 2592 838 2653 pretextu
879 2583 990 2648 aeritiat,
1004 2583 1147 2655 opinetur,
1162 2594 1194 2635 nt
1208 2583 1231 2636 si
1246 2579 1330 2654 qm'd,
1344 2592 1388 2634 ete.

320 2656 442 2729 quolibet
457 2658 593 2713 retineret.
878 2660 1007 2716 Hotmn.
1020 2666 1050 2715 τὸ
1067 2662 1159 2717 Gutta
1172 2660 1321 2716 delendum
1333 2677 1391 2714 out·

361 2735 387 2789 5.
406 2736 517 2791 &mulis
531 2751 679 2791 scommate
694 2744 833 2809 rogavisset.
877 2753 934 2807 set,
947 2744 1065 2796 reterens
1084 2743 1199 2796 verbnm
1211 2746 1346 2813 ῳὴὶοκη
1359 2737 1391 2794 ul

318 2814 348 2871 si
361 2834 438 2882 vera,
453 2817 543 2888 inquit
562 2818 675 2885 Morus,
687 2818 768 2872 lectio
780 2832 835 2887 est,
876 2821 970 2893 popul.
982 2823 1392 2887 romanummtoitsensnotntt·

317 2895 477 2966 significabit
491 2911 685 2963 armamentum
699 2918 756 2971 quo
771 2918 836 2954 oon·
876 2901 924 2971 gni
936 2901 1065 2955 interesse
1081 2900 1118 2954 ad
1130 2902 1290 2973 opinionem
1303 2908 1391 2955 anoto-

317 2974 360 3028 oul
373 2973 458 3046 adigit
470 2976 586 3042 milites,
595 2994 652 3049 quo
662 2996 707 3032 eos
719 2978 835 3034 obstrin-
875 2979 1063 3053 ritatispopnli
1075 2982 1199 3048 romani,
1207 2992 1296 3036 tantas
1308 2978 1389 3036 vidui

315 3053 363 3125 git.
379 3052 432 3108 Sed
452 3054 580 3110 libentius
598 3057 633 3110 iis
651 3056 766 3124 accedo,
785 3061 833 3131 qni
876 3060 1013 3136 speritateo
1026 3080 1091 3134 pop.
1103 3080 1172 3116 rom.
1187 3074 1235 3129 nt,
1249 3062 1389 3117 aanor

316 3135 402 3185 consul
413 3134 465 3207 legi
478 3136 583 3191 volunt.
592 3137 735 3210 Pomptina
749 3142 835 3193 oemut
874 3141 946 3195 mole
957 3161 1081 3215 quoqne,
1093 3141 1141 3196 sed
1154 3142 1213 3195 sine
1224 3142 1386 3197 anctoritate·

315 3210 449 3267 delectum
464 3215 609 3283 habuerat,
625 3231 653 3271 et
666 3218 765 3272 milites
782 3238 831 3273 ro·
915 3240 942 3293 7.
956 3221 1058 3276 &not
1073 3223 1128 3276 atii
1148 3227 1268 3276 muniri.

314 3305 389 3363 gerat
413 3308 579 3350 armamento
600 3296 776 3370 interposito,
795 3316 831 3354 an
915 3303 943 3355 8.
958 3302 1029 3373 Quid
1034 3322 1096 3373 pop.
1112 3304 1389 3375 Μῶιφῦωψ
1470 3354 1477 3367 .

314 3372 415 3427 vellent
436 3376 546 3429 nomina
571 3374 635 3431 dare
659 3379 771 3433 militia.
789 3412 831 3426 --
873 3399 930 3452 oper
939 3395 1045 3453 possent.
1061 3382 1122 3436 Val.
1138 3383 1240 3438 Καὶ.
1256 3401 1297 3448 n,
1311 3399 1337 3433 e.
1348 3384 1384 3436 8:

314 3450 447 3507 Nonnulli
460 3457 831 3514 volonteonmtisdivisimle·
871 3462 1011 3533 Dt'tct'plina
1029 3463 1142 3515 midtorr't
1165 3467 1254 3516 acriter
1277 3467 1384 3522 retento,

313 3532 341 3605 gi
355 3536 440 3587 consul
450 3539 481 3599 is,
498 3537 554 3591 scil.
570 3538 721 3612 Pompeius.
729 3538 830 3611 Perpe-
868 3544 1386 3614 prinotponnnltoliaemonoirnperiopt·

313 3630 373 3665 rum
386 3613 444 3673 hanc
458 3616 634 3671 omniomam
648 3617 727 3672 codd.
741 3620 829 3673 nostri
867 3626 950 3692 μνᾶς
965 3624 1093 3676 nudam
1108 3624 1218 3689 otton,
1244 3639 1383 3693 mogum

313 3702 342 3745 et
358 3692 580 3768 Oudendorpinni
604 3698 704 3752 babent
724 3700 830 3751 consult}
871 3720 973 3773 regnos,
997 3715 1023 3755 et
1046 3703 1252 3757 calidissimam
1275 3704 1384 3772 geom

313 3786 461 3827 noemmento
471 3781 610 3847 mgooittet.
624 3778 779 3832 Formulam
790 3798 829 3832 sa·
870 3785 977 3851 regim
984 3784 1076 3853 largita
1087 3794 1137 3847 est,·
1142 3786 1230 3851 furaces
1238 3784 1338 3836 Pontici
1352 3783 1385 3831 si·

313 3855 442 3907 crementi
452 3856 535 3910 refert
544 3857 703 3925 Liv.l.xx11,
713 3860 760 3915 38.
769 3860 828 3912 Alia
870 3879 916 3913 nos
921 3866 1038 3932 patefecit
1042 3863 1172 3936 Alpium,
1186 3865 1309 3936 Tam-ique
1320 3878 1386 3912 non·

312 3930 369 3984 sere
380 3932 473 3989 similis
483 3936 598 3991 formula
607 3938 692 4010 viguit
707 3952 829 4013 ternpore
871 3942 904 3993 tit
917 3944 1029 3996 emeda
1042 3945 1149 3996 clam
1162 3944 1278 4007 fflffitt
1291 3952 1385 3994 OM·

312 4008 520 4069 cbristianornm
551 4018 743 4091 imperatorum
756 4039 766 4087 ς
790 4020 828 4073 ita
869 4040 916 4092 qne
929 4042 943 4074 e
953 4024 1058 4094 paruolo
1072 4025 1169 4077 Romule·
1179 4043 1237 4077 cato
1248 4025 1323 4077 totitu
1335 4031 1384 4072 w·

314 4100 402 4147 tamen
417 4094 547 4168 incipiens
562 4115 570 4152 t
586 4098 638 4154 Per
650 4100 732 4156 ouon
747 4112 775 4152 ot
782 4120 829 4171 per
870 4121 952 4156 mmo
965 4104 1030 4158 orbis
1037 4106 1103 4171 serit
1114 4104 1228 4159 codtnen.
