<?xml version="1.0" encoding="UTF-8"?>
<!DOCTYPE html PUBLIC "-//W3C//DTD XHTML 1.0 Transitional//EN"
    "http://www.w3.org/TR/xhtml1/DTD/xhtml1-transitional.dtd">
<html xmlns="http://www.w3.org/1999/xhtml" xml:lang="en" lang="en">
 <head>
  <title>
</title>
<meta http-equiv="Content-Type" content="text/html;charset=utf-8" />
  <meta name='ocr-system' content='tesseract 3.04.00' />
  <meta name='ocr-capabilities' content='ocr_page ocr_carea ocr_par ocr_line ocrx_word'/>
</head>
<body>
  <div class='ocr_page' id='page_1' title='image "./caiusjuliuscsar00caesgoog_0296.png"; bbox 0 0 3000 5034; ppageno 0'>
   <div class='ocr_carea' id='block_1_1' title="bbox 269 488 1199 631">
    <p class='ocr_par' dir='ltr' id='par_1_1' title="bbox 269 488 1199 631">
     <span class='ocr_line' id='line_1_1' title="bbox 269 488 1199 631; baseline 0.014 -38"><span class='ocrx_word' id='word_1_1' title='bbox 269 526 340 593; x_wconf 86' lang='lat' dir='ltr'><strong>nn</strong></span> <span class='ocrx_word' id='word_1_2' title='bbox 367 525 540 593; x_wconf 74' lang='lat' dir='ltr'><strong>annno</strong></span> <span class='ocrx_word' id='word_1_3' title='bbox 566 524 814 629; x_wconf 79' lang='lat' dir='ltr'><strong>GALLICO.</strong></span> <span class='ocrx_word' id='word_1_4' title='bbox 843 488 937 595; x_wconf 78' lang='lat' dir='ltr'><strong>nin.</strong></span> <span class='ocrx_word' id='word_1_5' title='bbox 965 530 1031 598; x_wconf 84' lang='lat' dir='ltr'><strong>vr.</strong></span> <span class='ocrx_word' id='word_1_6' title='bbox 1124 530 1199 631; x_wconf 80' lang='lat'><strong>259</strong></span> 
     </span>
    </p>
   </div>
   <div class='ocr_carea' id='block_1_2' title="bbox 21 650 1201 1525">
    <p class='ocr_par' dir='ltr' id='par_1_2' title="bbox 21 650 1201 1504">
     <span class='ocr_line' id='line_1_2' title="bbox 186 650 1199 753; baseline 0.011 -28"><span class='ocrx_word' id='word_1_7' title='bbox 186 659 295 728; x_wconf 85' lang='lat' dir='ltr'><strong>xlx.</strong></span> <span class='ocrx_word' id='word_1_8' title='bbox 329 650 428 745; x_wconf 74' lang='lat' dir='ltr'><strong>Viri,</strong></span> <span class='ocrx_word' id='word_1_9' title='bbox 463 672 604 753; x_wconf 87' lang='lat' dir='ltr'><strong>quantas</strong></span> <span class='ocrx_word' id='word_1_10' title='bbox 635 654 816 753; x_wconf 88' lang='lat' dir='ltr'><strong>pecunias¹</strong></span> <span class='ocrx_word' id='word_1_11' title='bbox 846 660 888 727; x_wconf 90' lang='lat' dir='ltr'><strong>ab</strong></span> <span class='ocrx_word' id='word_1_12' title='bbox 920 664 1078 733; x_wconf 84' lang='lat' dir='ltr'>uxoribus</span> <span class='ocrx_word' id='word_1_13' title='bbox 1113 666 1199 737; x_wconf 93' lang='lat' dir='ltr'><strong>dotis</strong></span> 
     </span>
     <span class='ocr_line' id='line_1_3' title="bbox 130 764 1200 860; baseline 0.013 -31"><span class='ocrx_word' id='word_1_14' title='bbox 130 764 260 831; x_wconf 91' lang='lat' dir='ltr'><strong>nomine</strong></span> <span class='ocrx_word' id='word_1_15' title='bbox 287 778 508 860; x_wconf 87' lang='lat' dir='ltr'><strong>acceperunt,</strong></span> <span class='ocrx_word' id='word_1_16' title='bbox 531 777 640 833; x_wconf 88' lang='lat' dir='ltr'><strong>tantas</strong></span> <span class='ocrx_word' id='word_1_17' title='bbox 675 790 716 833; x_wconf 85' lang='lat' dir='ltr'><strong>ex</strong></span> <span class='ocrx_word' id='word_1_18' title='bbox 746 769 813 835; x_wconf 87' lang='lat' dir='ltr'><strong>suis</strong></span> <span class='ocrx_word' id='word_1_19' title='bbox 844 767 960 855; x_wconf 89' lang='lat' dir='ltr'><strong>bonis,</strong></span> <span class='ocrx_word' id='word_1_20' title='bbox 985 771 1200 843; x_wconf 65' lang='lat' dir='ltr'><strong>aestimatione</strong></span> 
     </span>
     <span class='ocr_line' id='line_1_4' title="bbox 129 868 1200 976; baseline 0.011 -39"><span class='ocrx_word' id='word_1_21' title='bbox 129 868 232 959; x_wconf 83' lang='lat' dir='ltr'><strong>saeta,</strong></span> <span class='ocrx_word' id='word_1_22' title='bbox 253 894 333 940; x_wconf 90' lang='lat' dir='ltr'><strong>cum</strong></span> <span class='ocrx_word' id='word_1_23' title='bbox 355 871 487 941; x_wconf 86' lang='lat' dir='ltr'><strong>dotibus</strong></span> <span class='ocrx_word' id='word_1_24' title='bbox 509 874 765 941; x_wconf 88' lang='lat' dir='ltr'><strong>communicant.</strong></span> <span class='ocrx_word' id='word_1_25' title='bbox 785 873 893 966; x_wconf 83' lang='lat' dir='ltr'><strong>Hujus</strong></span> <span class='ocrx_word' id='word_1_26' title='bbox 907 878 1023 976; x_wconf 82' lang='lat' dir='ltr'><strong>¹omnis</strong></span> <span class='ocrx_word' id='word_1_27' title='bbox 1051 882 1200 972; x_wconf 79' lang='lat' dir='ltr'><strong>pecuniae</strong></span> 
     </span>
     <span class='ocr_line' id='line_1_5' title="bbox 129 977 1199 1074; baseline 0.01 -31"><span class='ocrx_word' id='word_1_28' title='bbox 129 977 331 1069; x_wconf 88' lang='lat' dir='ltr'><strong>conjunctim</strong></span> <span class='ocrx_word' id='word_1_29' title='bbox 348 980 434 1046; x_wconf 90' lang='lat' dir='ltr'><strong>ratio</strong></span> <span class='ocrx_word' id='word_1_30' title='bbox 450 978 609 1067; x_wconf 85' lang='lat' dir='ltr'><strong>hahetur,</strong></span> <span class='ocrx_word' id='word_1_31' title='bbox 624 977 817 1074; x_wconf 88' lang='lat' dir='ltr'><strong>fructusque</strong></span> <span class='ocrx_word' id='word_1_32' title='bbox 836 994 1032 1051; x_wconf 86' lang='lat' dir='ltr'><strong>servantur:</strong></span> <span class='ocrx_word' id='word_1_33' title='bbox 1052 994 1127 1053; x_wconf 83' lang='lat' dir='ltr'><strong>uter</strong></span> <span class='ocrx_word' id='word_1_34' title='bbox 1145 1012 1199 1054; x_wconf 92' lang='lat' dir='ltr'><strong>eo·</strong></span> 
     </span>
     <span class='ocr_line' id='line_1_6' title="bbox 129 1085 1200 1181; baseline 0.011 -32"><span class='ocrx_word' id='word_1_35' title='bbox 129 1106 200 1150; x_wconf 90' lang='lat' dir='ltr'><strong>mm</strong></span> <span class='ocrx_word' id='word_1_36' title='bbox 227 1086 299 1152; x_wconf 82' lang='lat' dir='ltr'><strong>vita</strong></span> <span class='ocrx_word' id='word_1_37' title='bbox 325 1086 508 1180; x_wconf 91' lang='lat' dir='ltr'><strong>superarit,</strong></span> <span class='ocrx_word' id='word_1_38' title='bbox 530 1085 572 1154; x_wconf 92' lang='lat' dir='ltr'><strong>ad</strong></span> <span class='ocrx_word' id='word_1_39' title='bbox 594 1107 671 1153; x_wconf 90' lang='lat' dir='ltr'><strong>eum</strong></span> <span class='ocrx_word' id='word_1_40' title='bbox 697 1109 775 1181; x_wconf 89' lang='lat' dir='ltr'><strong>pars</strong></span> <span class='ocrx_word' id='word_1_41' title='bbox 804 1088 975 1181; x_wconf 88' lang='lat' dir='ltr'><strong>utriusque</strong></span> <span class='ocrx_word' id='word_1_42' title='bbox 1006 1113 1082 1158; x_wconf 92' lang='lat' dir='ltr'><strong>cum</strong></span> <span class='ocrx_word' id='word_1_43' title='bbox 1112 1090 1200 1161; x_wconf 91' lang='lat' dir='ltr'><strong>fruc·</strong></span> 
     </span>
     <span class='ocr_line' id='line_1_7' title="bbox 21 1182 1201 1288; baseline 0.009 -32"><span class='ocrx_word' id='word_1_44' title='bbox 21 1269 22 1272; x_wconf 8' lang='grc' dir='ltr'><strong>Ἴ</strong></span> <span class='ocrx_word' id='word_1_45' title='bbox 129 1188 235 1259; x_wconf 83' lang='lat' dir='ltr'><strong>tibus²</strong></span> <span class='ocrx_word' id='word_1_46' title='bbox 259 1193 468 1285; x_wconf 77' lang='lat' dir='ltr'><strong>superiorum</strong></span> <span class='ocrx_word' id='word_1_47' title='bbox 493 1206 681 1286; x_wconf 90' lang='lat' dir='ltr'><strong>temporum</strong></span> <span class='ocrx_word' id='word_1_48' title='bbox 707 1195 867 1287; x_wconf 81' lang='lat' dir='ltr'><strong>pervenit.</strong></span> <span class='ocrx_word' id='word_1_49' title='bbox 890 1195 964 1263; x_wconf 85' lang='lat' dir='ltr'><strong>Viri</strong></span> <span class='ocrx_word' id='word_1_50' title='bbox 992 1197 1026 1262; x_wconf 89' lang='lat' dir='ltr'><strong>in</strong></span> <span class='ocrx_word' id='word_1_51' title='bbox 1047 1220 1168 1267; x_wconf 82' lang='lat' dir='ltr'><strong>uxores</strong></span> <span class='ocrx_word' id='word_1_52' title='bbox 1177 1182 1201 1288; x_wconf 81' lang='lat'><strong>³,</strong></span> 
     </span>
     <span class='ocr_line' id='line_1_8' title="bbox 21 1296 1201 1399; baseline 0.01 -38"><span class='ocrx_word' id='word_1_53' title='bbox 21 1299 22 1304; x_wconf 75' lang='grc'>’</span> <span class='ocrx_word' id='word_1_54' title='bbox 129 1296 210 1364; x_wconf 90' lang='lat' dir='ltr'><strong>sicut</strong></span> <span class='ocrx_word' id='word_1_55' title='bbox 227 1299 264 1364; x_wconf 90' lang='lat' dir='ltr'><strong>in</strong></span> <span class='ocrx_word' id='word_1_56' title='bbox 277 1296 415 1386; x_wconf 82' lang='lat' dir='ltr'><strong>liberos,</strong></span> <span class='ocrx_word' id='word_1_57' title='bbox 425 1300 500 1369; x_wconf 81' lang='lat' dir='ltr'><strong>vitae</strong></span> <span class='ocrx_word' id='word_1_58' title='bbox 515 1300 671 1392; x_wconf 76' lang='lat' dir='ltr'>necisque</span> <span class='ocrx_word' id='word_1_59' title='bbox 684 1300 809 1368; x_wconf 88' lang='lat' dir='ltr'><strong>habent</strong></span> <span class='ocrx_word' id='word_1_60' title='bbox 822 1314 1037 1394; x_wconf 88' lang='lat' dir='ltr'><strong>potestatem:</strong></span> <span class='ocrx_word' id='word_1_61' title='bbox 1048 1317 1081 1371; x_wconf 88' lang='lat' dir='ltr'><strong>et</strong></span> <span class='ocrx_word' id='word_1_62' title='bbox 1098 1328 1201 1399; x_wconf 89' lang='lat' dir='ltr'><strong>quum</strong></span> 
     </span>
     <span class='ocr_line' id='line_1_9' title="bbox 21 1402 1201 1525; baseline 0.009 -56"><span class='ocrx_word' id='word_1_63' title='bbox 21 1427 22 1496; x_wconf 64' lang='grc' dir='ltr'><strong>ι</strong></span> <span class='ocrx_word' id='word_1_64' title='bbox 129 1402 397 1495; x_wconf 73' lang='lat' dir='ltr'><strong>paterfamiliae,</strong></span> <span class='ocrx_word' id='word_1_65' title='bbox 418 1404 587 1475; x_wconf 86' lang='lat' dir='ltr'><strong>illustriori</strong></span> <span class='ocrx_word' id='word_1_66' title='bbox 608 1402 683 1473; x_wconf 91' lang='lat' dir='ltr'><strong>loco</strong></span> <span class='ocrx_word' id='word_1_67' title='bbox 705 1421 824 1525; x_wconf 82' lang='lat' dir='ltr'><strong>natus,</strong></span> <span class='ocrx_word' id='word_1_68' title='bbox 849 1406 990 1476; x_wconf 89' lang='lat' dir='ltr'><strong>decessit</strong></span> <span class='ocrx_word' id='word_1_69' title='bbox 999 1408 1099 1501; x_wconf 86' lang='lat' dir='ltr'><strong>,ejus</strong></span> <span class='ocrx_word' id='word_1_70' title='bbox 1123 1435 1201 1504; x_wconf 91' lang='lat' dir='ltr'><strong>pro-</strong></span> 
     </span>
    </p>
   </div>
   <div class='ocr_carea' id='block_1_3' title="bbox 21 1510 1202 1607">
    <p class='ocr_par' dir='ltr' id='par_1_3' title="bbox 21 1510 1202 1607">
     <span class='ocr_line' id='line_1_10' title="bbox 21 1510 1202 1607; baseline 0.009 -33"><span class='ocrx_word' id='word_1_71' title='bbox 21 1515 22 1585; x_wconf 64' lang='lat' dir='ltr'><strong>l</strong></span> <span class='ocrx_word' id='word_1_72' title='bbox 130 1510 242 1602; x_wconf 88' lang='lat' dir='ltr'><strong>pinqui</strong></span> <span class='ocrx_word' id='word_1_73' title='bbox 255 1512 460 1580; x_wconf 85' lang='lat' dir='ltr'><strong>conveniunt</strong></span> <span class='ocrx_word' id='word_1_74' title='bbox 469 1527 535 1601; x_wconf 91' lang='lat' dir='ltr'><strong>„et</strong></span> <span class='ocrx_word' id='word_1_75' title='bbox 541 1512 736 1581; x_wconf 89' lang='lat' dir='ltr'><strong>demorte</strong></span> <span class='ocrx_word' id='word_1_76' title='bbox 711 1538 738 1582; x_wconf 77' lang='grc' dir='ltr'><strong>ιι</strong></span> <span class='ocrx_word' id='word_1_77' title='bbox 751 1537 804 1581; x_wconf 89' lang='lat' dir='ltr'><strong>res</strong></span> <span class='ocrx_word' id='word_1_78' title='bbox 816 1513 850 1579; x_wconf 92' lang='lat' dir='ltr'><strong>in</strong></span> <span class='ocrx_word' id='word_1_79' title='bbox 862 1514 1084 1607; x_wconf 83' lang='lat' dir='ltr'><strong>suspicionem</strong></span> <span class='ocrx_word' id='word_1_80' title='bbox 1095 1519 1202 1605; x_wconf 87' lang='lat' dir='ltr'><strong>venit,</strong></span> 
     </span>
    </p>
   </div>
   <div class='ocr_carea' id='block_1_4' title="bbox 130 1605 1206 2162">
    <p class='ocr_par' dir='ltr' id='par_1_4' title="bbox 130 1605 1206 2141">
     <span class='ocr_line' id='line_1_11' title="bbox 130 1605 1202 1713; baseline 0.01 -33"><span class='ocrx_word' id='word_1_81' title='bbox 130 1612 169 1681; x_wconf 91' lang='lat' dir='ltr'><strong>de</strong></span> <span class='ocrx_word' id='word_1_82' title='bbox 183 1617 366 1685; x_wconf 79' lang='lat' dir='ltr'><strong>uxoribus</strong></span> <span class='ocrx_word' id='word_1_83' title='bbox 357 1643 392 1686; x_wconf 92' lang='grc' dir='ltr'><strong>ιιι</strong></span> <span class='ocrx_word' id='word_1_84' title='bbox 403 1616 556 1687; x_wconf 84' lang='lat' dir='ltr'><strong>servilem</strong></span> <span class='ocrx_word' id='word_1_85' title='bbox 567 1605 723 1687; x_wconf 58' lang='grc' dir='ltr'><strong>ιιιοιιιιιιιΑ</strong></span> <span class='ocrx_word' id='word_1_86' title='bbox 733 1620 948 1713; x_wconf 87' lang='lat' dir='ltr'><strong>quaestionem</strong></span> <span class='ocrx_word' id='word_1_87' title='bbox 964 1618 1103 1709; x_wconf 82' lang='lat' dir='ltr'><strong>habent3</strong></span> <span class='ocrx_word' id='word_1_88' title='bbox 1113 1636 1162 1710; x_wconf 89' lang='lat' dir='ltr'><strong>et,</strong></span> <span class='ocrx_word' id='word_1_89' title='bbox 1175 1624 1202 1692; x_wconf 85' lang='lat' dir='ltr'><strong>sl</strong></span> 
     </span>
     <span class='ocr_line' id='line_1_12' title="bbox 131 1710 1203 1821; baseline 0.009 -33"><span class='ocrx_word' id='word_1_90' title='bbox 131 1737 339 1816; x_wconf 86' lang='lat' dir='ltr'><strong>compertum</strong></span> <span class='ocrx_word' id='word_1_91' title='bbox 351 1710 421 1792; x_wconf 91' lang='lat' dir='ltr'><strong>est⁵</strong></span> <span class='ocrx_word' id='word_1_92' title='bbox 423 1726 514 1819; x_wconf 84' lang='lat' dir='ltr'><strong>,igni</strong></span> <span class='ocrx_word' id='word_1_93' title='bbox 529 1741 628 1821; x_wconf 84' lang='lat' dir='ltr'><strong>atque</strong></span> <span class='ocrx_word' id='word_1_94' title='bbox 642 1726 796 1795; x_wconf 91' lang='lat' dir='ltr'><strong>omnibus</strong></span> <span class='ocrx_word' id='word_1_95' title='bbox 811 1725 984 1794; x_wconf 88' lang='lat' dir='ltr'><strong>tormentis</strong></span> <span class='ocrx_word' id='word_1_96' title='bbox 999 1729 1203 1798; x_wconf 77' lang='lat' dir='ltr'><strong>excruciatas</strong></span> 
     </span>
     <span class='ocr_line' id='line_1_13' title="bbox 130 1816 1204 1927; baseline 0.008 -34"><span class='ocrx_word' id='word_1_97' title='bbox 130 1828 342 1898; x_wconf 88' lang='lat' dir='ltr'><strong>interficiunt</strong></span> <span class='ocrx_word' id='word_1_98' title='bbox 368 1833 498 1899; x_wconf 85' lang='lat' dir='ltr'><strong>Funera</strong></span> <span class='ocrx_word' id='word_1_99' title='bbox 520 1846 598 1901; x_wconf 89' lang='lat' dir='ltr'><strong>sunt</strong></span> <span class='ocrx_word' id='word_1_100' title='bbox 621 1858 683 1927; x_wconf 92' lang='lat' dir='ltr'><strong>pro</strong></span> <span class='ocrx_word' id='word_1_101' title='bbox 702 1816 817 1901; x_wconf 84' lang='lat' dir='ltr'><strong>cultu⁶</strong></span> <span class='ocrx_word' id='word_1_102' title='bbox 831 1830 1005 1901; x_wconf 85' lang='lat' dir='ltr'><strong>Gallorum</strong></span> <span class='ocrx_word' id='word_1_103' title='bbox 1026 1831 1204 1927; x_wconf 83' lang='lat' dir='ltr'><strong>magnifica</strong></span> 
     </span>
     <span class='ocr_line' id='line_1_14' title="bbox 131 1938 1203 2079; baseline 0.007 -79"><span class='ocrx_word' id='word_1_104' title='bbox 131 1947 162 2001; x_wconf 89' lang='lat' dir='ltr'><strong>et</strong></span> <span class='ocrx_word' id='word_1_105' title='bbox 173 1950 392 2079; x_wconf 80' lang='lat' dir='ltr'><strong>sumptuosa3</strong></span> <span class='ocrx_word' id='word_1_106' title='bbox 403 1939 595 2031; x_wconf 80' lang='lat' dir='ltr'><strong>omniaque,</strong></span> <span class='ocrx_word' id='word_1_107' title='bbox 613 1964 686 2033; x_wconf 83' lang='lat' dir='ltr'><strong>quae</strong></span> <span class='ocrx_word' id='word_1_108' title='bbox 707 1940 791 2007; x_wconf 87' lang='lat' dir='ltr'><strong>vivis</strong></span> <span class='ocrx_word' id='word_1_109' title='bbox 808 1938 902 2006; x_wconf 89' lang='lat' dir='ltr'><strong>cordi</strong></span> <span class='ocrx_word' id='word_1_110' title='bbox 920 1938 1021 2008; x_wconf 84' lang='lat' dir='ltr'><strong>fuisse</strong></span> <span class='ocrx_word' id='word_1_111' title='bbox 1040 1939 1203 2011; x_wconf 90' lang='lat' dir='ltr'><strong>arbitran-</strong></span> 
     </span>
     <span class='ocr_line' id='line_1_15' title="bbox 131 2041 1206 2162; baseline 0.007 -55"><span class='ocrx_word' id='word_1_112' title='bbox 131 2041 205 2107; x_wconf 89' lang='lat' dir='ltr'><strong>tur⁷</strong></span> <span class='ocrx_word' id='word_1_113' title='bbox 207 2042 273 2129; x_wconf 94' lang='lat' dir='ltr'><strong>,in</strong></span> <span class='ocrx_word' id='word_1_114' title='bbox 293 2044 404 2162; x_wconf 82' lang='lat' dir='ltr'><strong>ignem</strong></span> <span class='ocrx_word' id='word_1_115' title='bbox 420 2044 586 2133; x_wconf 86' lang='lat' dir='ltr'><strong>inferunt,</strong></span> <span class='ocrx_word' id='word_1_116' title='bbox 603 2046 703 2113; x_wconf 90' lang='lat' dir='ltr'><strong>etiam</strong></span> <span class='ocrx_word' id='word_1_117' title='bbox 724 2044 899 2116; x_wconf 90' lang='lat' dir='ltr'><strong>animalia:</strong></span> <span class='ocrx_word' id='word_1_118' title='bbox 920 2069 959 2114; x_wconf 84' lang='lat' dir='ltr'><strong>ac</strong></span> <span class='ocrx_word' id='word_1_119' title='bbox 981 2042 1080 2140; x_wconf 90' lang='lat' dir='ltr'><strong>paulo</strong></span> <span class='ocrx_word' id='word_1_120' title='bbox 1104 2070 1206 2141; x_wconf 89' lang='lat' dir='ltr'><strong>supra</strong></span> 
     </span>
    </p>
   </div>
   <div class='ocr_carea' id='block_1_5' title="bbox 21 2144 1241 2348">
    <p class='ocr_par' dir='ltr' id='par_1_5' title="bbox 21 2144 1241 2348">
     <span class='ocr_line' id='line_1_16' title="bbox 21 2144 1241 2245; baseline 0.007 -32"><span class='ocrx_word' id='word_1_121' title='bbox 21 2151 22 2224; x_wconf 60' lang='grc' dir='ltr'>ἲ</span> <span class='ocrx_word' id='word_1_122' title='bbox 131 2144 218 2215; x_wconf 89' lang='lat' dir='ltr'><strong>hanc</strong></span> <span class='ocrx_word' id='word_1_123' title='bbox 237 2152 434 2225; x_wconf 88' lang='lat' dir='ltr'><strong>memoriam</strong></span> <span class='ocrx_word' id='word_1_124' title='bbox 453 2152 539 2221; x_wconf 87' lang='lat' dir='ltr'><strong>servi</strong></span> <span class='ocrx_word' id='word_1_125' title='bbox 555 2166 590 2220; x_wconf 92' lang='lat' dir='ltr'><strong>et</strong></span> <span class='ocrx_word' id='word_1_126' title='bbox 604 2150 755 2237; x_wconf 89' lang='lat' dir='ltr'><strong>clientes,</strong></span> <span class='ocrx_word' id='word_1_127' title='bbox 769 2176 854 2245; x_wconf 88' lang='lat' dir='ltr'><strong>quos</strong></span> <span class='ocrx_word' id='word_1_128' title='bbox 869 2151 947 2217; x_wconf 83' lang='lat' dir='ltr'><strong>ab</strong></span> <span class='ocrx_word' id='word_1_129' title='bbox 926 2174 966 2219; x_wconf 89' lang='lat' dir='ltr'><strong>ns</strong></span> <span class='ocrx_word' id='word_1_130' title='bbox 980 2150 1117 2220; x_wconf 90' lang='lat' dir='ltr'><strong>dilectos</strong></span> <span class='ocrx_word' id='word_1_131' title='bbox 1135 2176 1205 2221; x_wconf 89' lang='lat' dir='ltr'><strong>esse</strong></span> <span class='ocrx_word' id='word_1_132' title='bbox 1237 2235 1241 2240; x_wconf 17' lang='lat' dir='ltr'><em>A</em></span> 
     </span>
     <span class='ocr_line' id='line_1_17' title="bbox 21 2243 1172 2348; baseline 0.006 -28"><span class='ocrx_word' id='word_1_133' title='bbox 21 2345 22 2348; x_wconf 8' lang='grc' dir='ltr'><strong>Ἴ</strong></span> <span class='ocrx_word' id='word_1_134' title='bbox 130 2254 345 2342; x_wconf 83' lang='lat' dir='ltr'><strong>constabat,</strong></span> <span class='ocrx_word' id='word_1_135' title='bbox 332 2259 429 2348; x_wconf 68' lang='lat' dir='ltr'><strong>justis</strong></span> <span class='ocrx_word' id='word_1_136' title='bbox 447 2243 640 2326; x_wconf 80' lang='lat' dir='ltr'><strong>firneribus⁸</strong></span> <span class='ocrx_word' id='word_1_137' title='bbox 655 2256 832 2343; x_wconf 82' lang='lat' dir='ltr'><strong>confectis,</strong></span> <span class='ocrx_word' id='word_1_138' title='bbox 844 2280 912 2325; x_wconf 87' lang='lat' dir='ltr'><strong>una</strong></span> <span class='ocrx_word' id='word_1_139' title='bbox 927 2257 1172 2327; x_wconf 87' lang='lat' dir='ltr'><strong>cremabantur.</strong></span> 
     </span>
    </p>
   </div>
   <div class='ocr_carea' id='block_1_6' title="bbox 130 2435 1211 3543">
    <p class='ocr_par' dir='ltr' id='par_1_6' title="bbox 130 2435 1211 3543">
     <span class='ocr_line' id='line_1_18' title="bbox 131 2435 1207 2510; baseline 0.002 -21"><span class='ocrx_word' id='word_1_140' title='bbox 131 2444 184 2489; x_wconf 84' lang='lat' dir='ltr'><strong>tem</strong></span> <span class='ocrx_word' id='word_1_141' title='bbox 198 2436 306 2507; x_wconf 77' lang='lat' dir='ltr'><strong>phrasis</strong></span> <span class='ocrx_word' id='word_1_142' title='bbox 323 2454 375 2509; x_wconf 91' lang='lat' dir='ltr'><strong>pro</strong></span> <span class='ocrx_word' id='word_1_143' title='bbox 394 2437 549 2508; x_wconf 78' lang='lat' dir='ltr'><strong>glossemate</strong></span> <span class='ocrx_word' id='word_1_144' title='bbox 566 2438 648 2490; x_wconf 90' lang='lat' dir='ltr'><strong>habet</strong></span> <span class='ocrx_word' id='word_1_145' title='bbox 696 2455 745 2501; x_wconf 84' lang='grc' dir='ltr'><strong>ιι,</strong></span> <span class='ocrx_word' id='word_1_146' title='bbox 762 2448 789 2489; x_wconf 89' lang='lat' dir='ltr'><strong>et</strong></span> <span class='ocrx_word' id='word_1_147' title='bbox 803 2435 885 2489; x_wconf 88' lang='lat' dir='ltr'><strong>hodie</strong></span> <span class='ocrx_word' id='word_1_148' title='bbox 902 2435 974 2508; x_wconf 90' lang='lat' dir='ltr'><strong>apud</strong></span> <span class='ocrx_word' id='word_1_149' title='bbox 987 2436 1135 2491; x_wconf 89' lang='lat' dir='ltr'><strong>Orientales</strong></span> <span class='ocrx_word' id='word_1_150' title='bbox 1149 2439 1207 2510; x_wconf 85' lang='lat' dir='ltr'><strong>ple-</strong></span> 
     </span>
     <span class='ocr_line' id='line_1_19' title="bbox 130 2514 1208 2588; baseline 0.003 -21"><span class='ocrx_word' id='word_1_151' title='bbox 130 2515 153 2568; x_wconf 84' lang='grc' dir='ltr'><strong>ι.</strong></span> <span class='ocrx_word' id='word_1_152' title='bbox 171 2516 205 2569; x_wconf 87' lang='lat' dir='ltr'><strong>C.</strong></span> <span class='ocrx_word' id='word_1_153' title='bbox 219 2516 255 2569; x_wconf 85' lang='grc' dir='ltr'><strong>Η.</strong></span> <span class='ocrx_word' id='word_1_154' title='bbox 275 2516 308 2568; x_wconf 87' lang='lat' dir='ltr'><strong>ab</strong></span> <span class='ocrx_word' id='word_1_155' title='bbox 322 2516 414 2570; x_wconf 85' lang='lat' dir='ltr'><strong>Oberl.</strong></span> <span class='ocrx_word' id='word_1_156' title='bbox 426 2518 520 2570; x_wconf 87' lang='lat' dir='ltr'><strong>citatus</strong></span> <span class='ocrx_word' id='word_1_157' title='bbox 531 2556 539 2582; x_wconf 96' lang='lat'><strong>,</strong></span> <span class='ocrx_word' id='word_1_158' title='bbox 550 2530 577 2570; x_wconf 91' lang='lat' dir='ltr'><strong>et</strong></span> <span class='ocrx_word' id='word_1_159' title='bbox 596 2536 648 2588; x_wconf 91' lang='lat' dir='ltr'><strong>pro</strong></span> <span class='ocrx_word' id='word_1_160' title='bbox 693 2519 799 2587; x_wconf 77' lang='lat' dir='ltr'><strong>rosque.</strong></span> <span class='ocrx_word' id='word_1_161' title='bbox 813 2514 893 2587; x_wconf 81' lang='lat' dir='ltr'><strong>Apud</strong></span> <span class='ocrx_word' id='word_1_162' title='bbox 907 2516 1056 2581; x_wconf 87' lang='lat' dir='ltr'><strong>Romanos,</strong></span> <span class='ocrx_word' id='word_1_163' title='bbox 1070 2536 1134 2571; x_wconf 86' lang='lat' dir='ltr'><strong>vero</strong></span> <span class='ocrx_word' id='word_1_164' title='bbox 1147 2522 1208 2570; x_wconf 74' lang='lat' dir='ltr'><strong>vitu</strong></span> 
     </span>
     <span class='ocr_line' id='line_1_20' title="bbox 132 2595 1207 2668; baseline 0.002 -21"><span class='ocrx_word' id='word_1_165' title='bbox 132 2596 218 2648; x_wconf 85' lang='lat' dir='ltr'><strong>otiosa</strong></span> <span class='ocrx_word' id='word_1_166' title='bbox 233 2595 402 2667; x_wconf 75' lang='lat' dir='ltr'><strong>repetitione.</strong></span> <span class='ocrx_word' id='word_1_167' title='bbox 423 2598 483 2662; x_wconf 85' lang='lat' dir='ltr'><strong>Qua</strong></span> <span class='ocrx_word' id='word_1_168' title='bbox 502 2596 536 2649; x_wconf 91' lang='lat' dir='ltr'><strong>de</strong></span> <span class='ocrx_word' id='word_1_169' title='bbox 555 2614 648 2662; x_wconf 89' lang='lat' dir='ltr'><strong>causa,</strong></span> <span class='ocrx_word' id='word_1_170' title='bbox 693 2600 801 2668; x_wconf 79' lang='lat' dir='ltr'><strong>necisque</strong></span> <span class='ocrx_word' id='word_1_171' title='bbox 811 2598 854 2666; x_wconf 89' lang='lat' dir='ltr'><strong>jus</strong></span> <span class='ocrx_word' id='word_1_172' title='bbox 868 2595 969 2651; x_wconf 81' lang='lat' dir='ltr'><strong>maritis</strong></span> <span class='ocrx_word' id='word_1_173' title='bbox 977 2613 1034 2649; x_wconf 89' lang='lat' dir='ltr'><strong>non</strong></span> <span class='ocrx_word' id='word_1_174' title='bbox 1046 2596 1207 2649; x_wconf 86' lang='lat' dir='ltr'><strong>concedeha-</strong></span> 
     </span>
     <span class='ocr_line' id='line_1_21' title="bbox 132 2674 1208 2745; baseline 0.001 -17"><span class='ocrx_word' id='word_1_175' title='bbox 132 2676 224 2728; x_wconf 85' lang='lat' dir='ltr'><strong>nescio</strong></span> <span class='ocrx_word' id='word_1_176' title='bbox 240 2693 247 2727; x_wconf 93' lang='lat'><strong>:</strong></span> <span class='ocrx_word' id='word_1_177' title='bbox 263 2694 326 2727; x_wconf 86' lang='lat' dir='ltr'><strong>nam</strong></span> <span class='ocrx_word' id='word_1_178' title='bbox 338 2675 440 2728; x_wconf 86' lang='lat' dir='ltr'><strong>cunctis</strong></span> <span class='ocrx_word' id='word_1_179' title='bbox 455 2678 483 2728; x_wconf 91' lang='lat' dir='ltr'><strong>in</strong></span> <span class='ocrx_word' id='word_1_180' title='bbox 501 2675 576 2729; x_wconf 81' lang='lat' dir='ltr'><strong>Mss.</strong></span> <span class='ocrx_word' id='word_1_181' title='bbox 598 2678 651 2729; x_wconf 91' lang='lat' dir='ltr'><strong>ins·</strong></span> <span class='ocrx_word' id='word_1_182' title='bbox 693 2686 739 2727; x_wconf 86' lang='lat' dir='ltr'><strong>tur</strong></span> <span class='ocrx_word' id='word_1_183' title='bbox 754 2675 783 2727; x_wconf 88' lang='lat' dir='ltr'><strong>in</strong></span> <span class='ocrx_word' id='word_1_184' title='bbox 798 2693 909 2738; x_wconf 82' lang='lat' dir='ltr'><strong>uxores,</strong></span> <span class='ocrx_word' id='word_1_185' title='bbox 924 2674 977 2725; x_wconf 84' lang='lat' dir='ltr'><strong>nisi</strong></span> <span class='ocrx_word' id='word_1_186' title='bbox 989 2692 1072 2745; x_wconf 90' lang='lat' dir='ltr'><strong>quum</strong></span> <span class='ocrx_word' id='word_1_187' title='bbox 1088 2694 1156 2728; x_wconf 88' lang='lat' dir='ltr'><strong>uxor</strong></span> <span class='ocrx_word' id='word_1_188' title='bbox 1170 2695 1208 2729; x_wconf 87' lang='lat' dir='ltr'><strong>es·</strong></span> 
     </span>
     <span class='ocr_line' id='line_1_22' title="bbox 132 2751 1209 2821; baseline 0.002 -14"><span class='ocrx_word' id='word_1_189' title='bbox 132 2756 257 2807; x_wconf 78' lang='lat' dir='ltr'><strong>eribitur.</strong></span> <span class='ocrx_word' id='word_1_190' title='bbox 591 2764 593 2769; x_wconf 84' lang='lat'>&#39;</span> <span class='ocrx_word' id='word_1_191' title='bbox 694 2754 773 2814; x_wconf 82' lang='lat' dir='ltr'><strong>setin</strong></span> <span class='ocrx_word' id='word_1_192' title='bbox 790 2751 920 2805; x_wconf 88' lang='lat' dir='ltr'><strong>adulterio</strong></span> <span class='ocrx_word' id='word_1_193' title='bbox 933 2765 978 2805; x_wconf 92' lang='lat' dir='ltr'><strong>aut</strong></span> <span class='ocrx_word' id='word_1_194' title='bbox 993 2754 1021 2805; x_wconf 93' lang='lat' dir='ltr'><strong>in</strong></span> <span class='ocrx_word' id='word_1_195' title='bbox 1033 2755 1149 2807; x_wconf 85' lang='lat' dir='ltr'><strong>usuvini</strong></span> <span class='ocrx_word' id='word_1_196' title='bbox 1164 2754 1209 2821; x_wconf 82' lang='lat' dir='ltr'><strong>de·</strong></span> 
     </span>
     <span class='ocr_line' id='line_1_23' title="bbox 172 2832 1209 2905; baseline 0.002 -19"><span class='ocrx_word' id='word_1_197' title='bbox 172 2835 241 2888; x_wconf 83' lang='lat' dir='ltr'><strong>Car.</strong></span> <span class='ocrx_word' id='word_1_198' title='bbox 254 2834 332 2886; x_wconf 83' lang='lat' dir='ltr'><strong>XIX.</strong></span> <span class='ocrx_word' id='word_1_199' title='bbox 350 2852 372 2886; x_wconf 90' lang='grc' dir='ltr'><strong>ι.</strong></span> <span class='ocrx_word' id='word_1_200' title='bbox 399 2834 511 2903; x_wconf 78' lang='lat' dir='ltr'><strong>Quantas</strong></span> <span class='ocrx_word' id='word_1_201' title='bbox 525 2838 649 2903; x_wconf 78' lang='lat' dir='ltr'><strong>pecunias.</strong></span> <span class='ocrx_word' id='word_1_202' title='bbox 693 2834 832 2903; x_wconf 85' lang='lat' dir='ltr'><strong>prehensa.</strong></span> <span class='ocrx_word' id='word_1_203' title='bbox 845 2832 915 2898; x_wconf 87' lang='lat' dir='ltr'><strong>Sed,</strong></span> <span class='ocrx_word' id='word_1_204' title='bbox 929 2846 995 2885; x_wconf 82' lang='lat' dir='ltr'><strong>teste</strong></span> <span class='ocrx_word' id='word_1_205' title='bbox 1010 2834 1209 2905; x_wconf 84' lang='lat' dir='ltr'><strong>Dionys.Hal.,</strong></span> 
     </span>
     <span class='ocr_line' id='line_1_24' title="bbox 133 2910 1210 2985; baseline 0.002 -19"><span class='ocrx_word' id='word_1_206' title='bbox 133 2914 171 2966; x_wconf 79' lang='lat' dir='ltr'><strong>Ea</strong></span> <span class='ocrx_word' id='word_1_207' title='bbox 178 2928 244 2967; x_wconf 85' lang='lat' dir='ltr'><strong>sunt</strong></span> <span class='ocrx_word' id='word_1_208' title='bbox 251 2913 395 2983; x_wconf 70' lang='lat' dir='ltr'><strong>dvriaspua,</strong></span> <span class='ocrx_word' id='word_1_209' title='bbox 404 2931 463 2983; x_wconf 81' lang='lat' dir='ltr'><strong>quae</strong></span> <span class='ocrx_word' id='word_1_210' title='bbox 469 2912 595 2967; x_wconf 84' lang='lat' dir='ltr'><strong>inducere</strong></span> <span class='ocrx_word' id='word_1_211' title='bbox 605 2933 652 2966; x_wconf 84' lang='grc' dir='ltr'><strong>ιο-</strong></span> <span class='ocrx_word' id='word_1_212' title='bbox 695 2915 717 2964; x_wconf 83' lang='grc' dir='ltr'><strong>οἱ</strong></span> <span class='ocrx_word' id='word_1_213' title='bbox 725 2917 849 2984; x_wconf 71' lang='grc' dir='ltr'>συγγενεῖς</span> <span class='ocrx_word' id='word_1_214' title='bbox 863 2912 929 2985; x_wconf 75' lang='grc' dir='ltr'>μετὰ</span> <span class='ocrx_word' id='word_1_215' title='bbox 939 2919 982 2965; x_wconf 82' lang='grc' dir='ltr'><strong>τοῦ</strong></span> <span class='ocrx_word' id='word_1_216' title='bbox 992 2910 1077 2985; x_wconf 77' lang='grc' dir='ltr'>ἀιιιρις</span> <span class='ocrx_word' id='word_1_217' title='bbox 1087 2910 1210 2976; x_wconf 60' lang='grc' dir='ltr'><strong>ἐδίκαζον.</strong></span> 
     </span>
     <span class='ocr_line' id='line_1_25' title="bbox 132 2989 1090 3059; baseline 0.001 -13"><span class='ocrx_word' id='word_1_218' title='bbox 132 2989 215 3046; x_wconf 82' lang='lat' dir='ltr'><strong>luisse</strong></span> <span class='ocrx_word' id='word_1_219' title='bbox 228 2992 338 3047; x_wconf 78' lang='lat' dir='ltr'><strong>videtur</strong></span> <span class='ocrx_word' id='word_1_220' title='bbox 349 2994 532 3059; x_wconf 73' lang='lat' dir='ltr'><strong>lastinianus,</strong></span> <span class='ocrx_word' id='word_1_221' title='bbox 546 2994 651 3046; x_wconf 84' lang='lat' dir='ltr'><strong>Novell.</strong></span> <span class='ocrx_word' id='word_1_222' title='bbox 695 2991 767 3047; x_wconf 85' lang='lat' dir='ltr'><strong>Vide</strong></span> <span class='ocrx_word' id='word_1_223' title='bbox 780 2994 864 3045; x_wconf 85' lang='lat' dir='ltr'><strong>Tacit.</strong></span> <span class='ocrx_word' id='word_1_224' title='bbox 880 2992 975 3045; x_wconf 83' lang='lat' dir='ltr'><strong>Annal.</strong></span> <span class='ocrx_word' id='word_1_225' title='bbox 992 2993 1010 3045; x_wconf 92' lang='lat' dir='ltr'><strong>l.</strong></span> <span class='ocrx_word' id='word_1_226' title='bbox 1026 3012 1090 3047; x_wconf 75' lang='lat' dir='ltr'><strong>xrrr·</strong></span> 
     </span>
     <span class='ocr_line' id='line_1_26' title="bbox 134 3074 1207 3145; baseline -0.001 -19"><span class='ocrx_word' id='word_1_227' title='bbox 134 3091 229 3126; x_wconf 78' lang='lat' dir='ltr'><strong>xcrrr:</strong></span> <span class='ocrx_word' id='word_1_228' title='bbox 243 3075 356 3124; x_wconf 70' lang='lat' dir='ltr'><strong>&#39;Taum</strong></span> <span class='ocrx_word' id='word_1_229' title='bbox 371 3078 529 3145; x_wconf 79' lang='lat' dir='ltr'><strong>quantitatem</strong></span> <span class='ocrx_word' id='word_1_230' title='bbox 548 3076 651 3124; x_wconf 84' lang='lat' dir='ltr'><strong>couscri-</strong></span> <span class='ocrx_word' id='word_1_231' title='bbox 737 3079 763 3135; x_wconf 75' lang='grc'><strong>4.</strong></span> <span class='ocrx_word' id='word_1_232' title='bbox 777 3074 817 3123; x_wconf 91' lang='lat' dir='ltr'><strong>De</strong></span> <span class='ocrx_word' id='word_1_233' title='bbox 829 3074 941 3125; x_wconf 75' lang='lat' dir='ltr'><strong>uxoribus</strong></span> <span class='ocrx_word' id='word_1_234' title='bbox 952 3076 978 3123; x_wconf 85' lang='lat' dir='ltr'><strong>iu</strong></span> <span class='ocrx_word' id='word_1_235' title='bbox 991 3074 1095 3125; x_wconf 79' lang='lat' dir='ltr'><strong>seruilem</strong></span> <span class='ocrx_word' id='word_1_236' title='bbox 1105 3074 1207 3127; x_wconf 84' lang='lat' dir='ltr'><strong>modum.</strong></span> 
     </span>
     <span class='ocr_line' id='line_1_27' title="bbox 134 3150 1210 3225; baseline 0.002 -21"><span class='ocrx_word' id='word_1_237' title='bbox 134 3154 190 3205; x_wconf 83' lang='lat' dir='ltr'><strong>tlere</strong></span> <span class='ocrx_word' id='word_1_238' title='bbox 198 3154 592 3225; x_wconf 66' lang='lat' dir='ltr'><strong>airum3quarrtametmulierem‚</strong></span> <span class='ocrx_word' id='word_1_239' title='bbox 601 3165 654 3203; x_wconf 82' lang='lat' dir='ltr'><strong>tarr·</strong></span> <span class='ocrx_word' id='word_1_240' title='bbox 696 3150 765 3203; x_wconf 85' lang='lat' dir='ltr'><strong>Nam</strong></span> <span class='ocrx_word' id='word_1_241' title='bbox 795 3150 867 3225; x_wconf 87' lang='lat' dir='ltr'><strong>apud</strong></span> <span class='ocrx_word' id='word_1_242' title='bbox 894 3152 1002 3204; x_wconf 83' lang='lat' dir='ltr'><strong>Graecos</strong></span> <span class='ocrx_word' id='word_1_243' title='bbox 1022 3164 1049 3205; x_wconf 91' lang='lat' dir='ltr'><strong>et</strong></span> <span class='ocrx_word' id='word_1_244' title='bbox 1078 3154 1210 3207; x_wconf 84' lang='lat' dir='ltr'><strong>Romanos</strong></span> 
     </span>
     <span class='ocr_line' id='line_1_28' title="bbox 136 3228 1211 3305; baseline -0.001 -21"><span class='ocrx_word' id='word_1_245' title='bbox 136 3244 186 3284; x_wconf 85' lang='lat' dir='ltr'><strong>tum</strong></span> <span class='ocrx_word' id='word_1_246' title='bbox 208 3252 301 3305; x_wconf 82' lang='lat' dir='ltr'><strong>quoque</strong></span> <span class='ocrx_word' id='word_1_247' title='bbox 325 3235 415 3284; x_wconf 74' lang='lat' dir='ltr'><strong>hurum</strong></span> <span class='ocrx_word' id='word_1_248' title='bbox 433 3234 562 3303; x_wconf 78' lang='lat' dir='ltr'><strong>stipulari,</strong></span> <span class='ocrx_word' id='word_1_249' title='bbox 576 3244 602 3283; x_wconf 83' lang='lat' dir='ltr'><strong>et</strong></span> <span class='ocrx_word' id='word_1_250' title='bbox 623 3252 653 3283; x_wconf 75' lang='lat' dir='ltr'><strong>eu</strong></span> <span class='ocrx_word' id='word_1_251' title='bbox 696 3248 752 3283; x_wconf 91' lang='lat' dir='ltr'><strong>non</strong></span> <span class='ocrx_word' id='word_1_252' title='bbox 768 3229 802 3283; x_wconf 90' lang='lat' dir='ltr'><strong>de</strong></span> <span class='ocrx_word' id='word_1_253' title='bbox 815 3232 920 3294; x_wconf 86' lang='lat' dir='ltr'><strong>liberis,</strong></span> <span class='ocrx_word' id='word_1_254' title='bbox 932 3228 1211 3285; x_wconf 69' lang='lat' dir='ltr'><strong>seddeseruisverum</strong></span> 
     </span>
     <span class='ocr_line' id='line_1_29' title="bbox 137 3310 1063 3392; baseline -0.002 -29"><span class='ocrx_word' id='word_1_255' title='bbox 137 3312 539 3392; x_wconf 76' lang='lat' dir='ltr'><strong>tautaparteeaquautaooluerint</strong></span> <span class='ocrx_word' id='word_1_256' title='bbox 538 3311 654 3383; x_wconf 83' lang='lat' dir='ltr'><strong>,aequalis</strong></span> <span class='ocrx_word' id='word_1_257' title='bbox 697 3310 837 3363; x_wconf 88' lang='lat' dir='ltr'><strong>tormentis</strong></span> <span class='ocrx_word' id='word_1_258' title='bbox 850 3310 1063 3379; x_wconf 87' lang='lat' dir='ltr'><strong>expromebatur.</strong></span> 
     </span>
     <span class='ocr_line' id='line_1_30' title="bbox 137 3389 1210 3460; baseline 0 -17"><span class='ocrx_word' id='word_1_259' title='bbox 137 3406 348 3444; x_wconf 80' lang='lat' dir='ltr'><strong>tameumerrsuroe.</strong></span> <span class='ocrx_word' id='word_1_260' title='bbox 358 3389 446 3444; x_wconf 81' lang='lat' dir='ltr'><strong>Hodie</strong></span> <span class='ocrx_word' id='word_1_261' title='bbox 456 3392 557 3443; x_wconf 82' lang='lat' dir='ltr'><strong>necilla</strong></span> <span class='ocrx_word' id='word_1_262' title='bbox 566 3408 653 3460; x_wconf 77' lang='lat' dir='ltr'><strong>aequa</strong></span> <span class='ocrx_word' id='word_1_263' title='bbox 740 3389 765 3442; x_wconf 87' lang='lat'><strong>5.</strong></span> <span class='ocrx_word' id='word_1_264' title='bbox 782 3389 811 3443; x_wconf 86' lang='lat' dir='ltr'><strong>Si</strong></span> <span class='ocrx_word' id='word_1_265' title='bbox 831 3398 972 3459; x_wconf 83' lang='lat' dir='ltr'><strong>compertum</strong></span> <span class='ocrx_word' id='word_1_266' title='bbox 988 3400 1031 3441; x_wconf 86' lang='lat' dir='ltr'><strong>est</strong></span> <span class='ocrx_word' id='word_1_267' title='bbox 1048 3390 1117 3440; x_wconf 89' lang='lat' dir='ltr'><strong>Eum</strong></span> <span class='ocrx_word' id='word_1_268' title='bbox 1133 3408 1210 3443; x_wconf 74' lang='lat' dir='ltr'><strong>neca·</strong></span> 
     </span>
     <span class='ocr_line' id='line_1_31' title="bbox 135 3468 1209 3543; baseline -0.003 -19"><span class='ocrx_word' id='word_1_269' title='bbox 135 3473 175 3524; x_wconf 86' lang='lat' dir='ltr'><strong>tio</strong></span> <span class='ocrx_word' id='word_1_270' title='bbox 189 3472 295 3541; x_wconf 81' lang='lat' dir='ltr'><strong>gallica,</strong></span> <span class='ocrx_word' id='word_1_271' title='bbox 310 3490 398 3543; x_wconf 88' lang='lat' dir='ltr'><strong>neque</strong></span> <span class='ocrx_word' id='word_1_272' title='bbox 419 3470 528 3524; x_wconf 86' lang='lat' dir='ltr'><strong>donatio</strong></span> <span class='ocrx_word' id='word_1_273' title='bbox 543 3481 655 3543; x_wconf 87' lang='lat' dir='ltr'><strong>propter</strong></span> <span class='ocrx_word' id='word_1_274' title='bbox 697 3479 756 3520; x_wconf 91' lang='lat' dir='ltr'><strong>tum</strong></span> <span class='ocrx_word' id='word_1_275' title='bbox 771 3468 850 3521; x_wconf 86' lang='lat' dir='ltr'><strong>fuisse</strong></span> <span class='ocrx_word' id='word_1_276' title='bbox 866 3486 913 3519; x_wconf 89' lang='lat' dir='ltr'><strong>seu</strong></span> <span class='ocrx_word' id='word_1_277' title='bbox 928 3468 1017 3531; x_wconf 81' lang='lat' dir='ltr'><strong>ferm,</strong></span> <span class='ocrx_word' id='word_1_278' title='bbox 1038 3486 1084 3519; x_wconf 92' lang='lat' dir='ltr'><strong>seu</strong></span> <span class='ocrx_word' id='word_1_279' title='bbox 1098 3486 1209 3521; x_wconf 85' lang='lat' dir='ltr'><strong>veneno.</strong></span> 
     </span>
    </p>
   </div>
   <div class='ocr_carea' id='block_1_7' title="bbox 134 3504 1302 3623">
    <p class='ocr_par' dir='ltr' id='par_1_7' title="bbox 134 3504 1302 3623">
     <span class='ocr_line' id='line_1_32' title="bbox 134 3504 1302 3623; baseline -0.003 -20"><span class='ocrx_word' id='word_1_280' title='bbox 134 3552 244 3623; x_wconf 80' lang='lat' dir='ltr'><strong>nuptias</strong></span> <span class='ocrx_word' id='word_1_281' title='bbox 251 3551 341 3604; x_wconf 88' lang='lat' dir='ltr'><strong>locum</strong></span> <span class='ocrx_word' id='word_1_282' title='bbox 348 3549 655 3616; x_wconf 82' lang='lat' dir='ltr'><strong>habet3seddotalitium‚</strong></span> <span class='ocrx_word' id='word_1_283' title='bbox 740 3552 767 3601; x_wconf 90' lang='lat'><strong>6.</strong></span> <span class='ocrx_word' id='word_1_284' title='bbox 775 3548 827 3599; x_wconf 88' lang='lat' dir='ltr'><strong>Pro</strong></span> <span class='ocrx_word' id='word_1_285' title='bbox 838 3568 866 3599; x_wconf 87' lang='lat' dir='ltr'><strong>cu</strong></span> <span class='ocrx_word' id='word_1_286' title='bbox 867 3548 912 3600; x_wconf 86' lang='lat' dir='ltr'><strong>ltu.</strong></span> <span class='ocrx_word' id='word_1_287' title='bbox 911 3546 982 3599; x_wconf 92' lang='lat' dir='ltr'><strong>Non</strong></span> <span class='ocrx_word' id='word_1_288' title='bbox 989 3504 1057 3597; x_wconf 83' lang='lat' dir='ltr'><strong>niale</strong></span> <span class='ocrx_word' id='word_1_289' title='bbox 1067 3548 1214 3618; x_wconf 88' lang='lat' dir='ltr'><strong>conjiciunt</strong></span> <span class='ocrx_word' id='word_1_290' title='bbox 1300 3578 1302 3585; x_wconf 43' lang='grc' dir='ltr'><em>ν</em></span> 
     </span>
    </p>
   </div>
   <div class='ocr_carea' id='block_1_8' title="bbox 67 3624 1219 4339">
    <p class='ocr_par' dir='ltr' id='par_1_8' title="bbox 67 3624 1219 4339">
     <span class='ocr_line' id='line_1_33' title="bbox 135 3624 1212 3702; baseline -0.003 -18"><span class='ocrx_word' id='word_1_291' title='bbox 135 3643 168 3684; x_wconf 90' lang='lat' dir='ltr'><strong>ut</strong></span> <span class='ocrx_word' id='word_1_292' title='bbox 182 3631 366 3702; x_wconf 78' lang='lat' dir='ltr'><strong>jurisconsulti</strong></span> <span class='ocrx_word' id='word_1_293' title='bbox 382 3643 490 3695; x_wconf 83' lang='lat' dir='ltr'><strong>vocant,</strong></span> <span class='ocrx_word' id='word_1_294' title='bbox 509 3632 532 3681; x_wconf 88' lang='lat' dir='ltr'><strong>le</strong></span> <span class='ocrx_word' id='word_1_295' title='bbox 546 3630 654 3681; x_wconf 85' lang='lat' dir='ltr'><strong>douaire.</strong></span> <span class='ocrx_word' id='word_1_296' title='bbox 677 3628 743 3699; x_wconf 56' lang='lat' dir='ltr'><strong>’pro</strong></span> <span class='ocrx_word' id='word_1_297' title='bbox 766 3639 852 3699; x_wconf 84' lang='lat' dir='ltr'><strong>captu,</strong></span> <span class='ocrx_word' id='word_1_298' title='bbox 867 3624 896 3679; x_wconf 90' lang='lat' dir='ltr'><strong>id</strong></span> <span class='ocrx_word' id='word_1_299' title='bbox 918 3638 969 3691; x_wconf 87' lang='lat' dir='ltr'><strong>est,</strong></span> <span class='ocrx_word' id='word_1_300' title='bbox 985 3638 1015 3677; x_wconf 92' lang='lat' dir='ltr'><strong>ut</strong></span> <span class='ocrx_word' id='word_1_301' title='bbox 1037 3624 1126 3679; x_wconf 85' lang='lat' dir='ltr'><strong>ferunt</strong></span> <span class='ocrx_word' id='word_1_302' title='bbox 1148 3645 1212 3700; x_wconf 80' lang='lat' dir='ltr'><strong>opes</strong></span> 
     </span>
     <span class='ocr_line' id='line_1_34' title="bbox 137 3706 1213 3777; baseline -0.003 -14"><span class='ocrx_word' id='word_1_303' title='bbox 137 3711 212 3764; x_wconf 85' lang='lat' dir='ltr'><strong>Gon.</strong></span> <span class='ocrx_word' id='word_1_304' title='bbox 330 3708 335 3718; x_wconf 62' lang='lat'>⁵</span> <span class='ocrx_word' id='word_1_305' title='bbox 700 3708 854 3773; x_wconf 88' lang='lat' dir='ltr'><strong>Gallorum,</strong></span> <span class='ocrx_word' id='word_1_306' title='bbox 870 3718 901 3775; x_wconf 86' lang='lat' dir='ltr'><strong>ut</strong></span> <span class='ocrx_word' id='word_1_307' title='bbox 923 3724 1001 3777; x_wconf 90' lang='lat' dir='ltr'><strong>supra</strong></span> <span class='ocrx_word' id='word_1_308' title='bbox 1016 3706 1034 3757; x_wconf 98' lang='lat' dir='ltr'><strong>l.</strong></span> <span class='ocrx_word' id='word_1_309' title='bbox 1051 3722 1166 3777; x_wconf 85' lang='lat' dir='ltr'><strong>1v,cap.</strong></span> <span class='ocrx_word' id='word_1_310' title='bbox 1186 3708 1213 3763; x_wconf 78' lang='lat'><strong>3.</strong></span> 
     </span>
     <span class='ocr_line' id='line_1_35' title="bbox 182 3786 1028 3862; baseline -0.006 -20"><span class='ocrx_word' id='word_1_311' title='bbox 182 3790 380 3861; x_wconf 78' lang='lat' dir='ltr'><strong>².Adeumpars</strong></span> <span class='ocrx_word' id='word_1_312' title='bbox 387 3793 508 3862; x_wconf 83' lang='lat' dir='ltr'><strong>utriusque</strong></span> <span class='ocrx_word' id='word_1_313' title='bbox 514 3810 566 3842; x_wconf 86' lang='lat' dir='ltr'><strong>eum</strong></span> <span class='ocrx_word' id='word_1_314' title='bbox 567 3792 658 3857; x_wconf 83' lang='lat' dir='ltr'><strong>fructi·</strong></span> <span class='ocrx_word' id='word_1_315' title='bbox 700 3786 792 3841; x_wconf 85' lang='lat' dir='ltr'><strong>Nostri</strong></span> <span class='ocrx_word' id='word_1_316' title='bbox 808 3786 886 3841; x_wconf 88' lang='lat' dir='ltr'><strong>codd.</strong></span> <span class='ocrx_word' id='word_1_317' title='bbox 895 3806 942 3857; x_wconf 84' lang='lat' dir='ltr'><strong>pro</strong></span> <span class='ocrx_word' id='word_1_318' title='bbox 955 3788 1028 3837; x_wconf 87' lang='lat' dir='ltr'><strong>cultu.</strong></span> 
     </span>
     <span class='ocr_line' id='line_1_36' title="bbox 138 3864 1215 3941; baseline -0.003 -21"><span class='ocrx_word' id='word_1_319' title='bbox 138 3870 194 3922; x_wconf 83' lang='lat' dir='ltr'><strong>bus.</strong></span> <span class='ocrx_word' id='word_1_320' title='bbox 208 3868 285 3922; x_wconf 89' lang='lat' dir='ltr'><strong>Idem</strong></span> <span class='ocrx_word' id='word_1_321' title='bbox 300 3868 383 3923; x_wconf 84' lang='lat' dir='ltr'><strong>hodie</strong></span> <span class='ocrx_word' id='word_1_322' title='bbox 398 3868 470 3941; x_wconf 81' lang='lat' dir='ltr'><strong>apud</strong></span> <span class='ocrx_word' id='word_1_323' title='bbox 489 3889 538 3923; x_wconf 89' lang='lat' dir='ltr'><strong>nos</strong></span> <span class='ocrx_word' id='word_1_324' title='bbox 559 3870 658 3922; x_wconf 87' lang='lat' dir='ltr'><strong>Parisi·</strong></span> <span class='ocrx_word' id='word_1_325' title='bbox 736 3886 762 3939; x_wconf 87' lang='lat'><em>7</em></span> <span class='ocrx_word' id='word_1_326' title='bbox 767 3868 829 3937; x_wconf 76' lang='lat' dir='ltr'><strong>Quae</strong></span> <span class='ocrx_word' id='word_1_327' title='bbox 836 3867 970 3919; x_wconf 78' lang='lat' dir='ltr'><strong>viviscordi</strong></span> <span class='ocrx_word' id='word_1_328' title='bbox 970 3868 1049 3933; x_wconf 84' lang='lat' dir='ltr'><strong>fuisse</strong></span> <span class='ocrx_word' id='word_1_329' title='bbox 1059 3885 1088 3916; x_wconf 85' lang='lat' dir='ltr'><strong>ur</strong></span> <span class='ocrx_word' id='word_1_330' title='bbox 1088 3864 1215 3919; x_wconf 81' lang='lat' dir='ltr'><strong>b.itrautur·</strong></span> 
     </span>
     <span class='ocr_line' id='line_1_37' title="bbox 138 3948 1216 4018; baseline -0.004 -17"><span class='ocrx_word' id='word_1_331' title='bbox 138 3968 201 4001; x_wconf 90' lang='lat' dir='ltr'><strong>nos</strong></span> <span class='ocrx_word' id='word_1_332' title='bbox 216 3948 289 4002; x_wconf 88' lang='lat' dir='ltr'><strong>Vide</strong></span> <span class='ocrx_word' id='word_1_333' title='bbox 303 3949 421 4002; x_wconf 70' lang='lat' dir='ltr'><strong>Cautum</strong></span> <span class='ocrx_word' id='word_1_334' title='bbox 435 3950 566 4012; x_wconf 85' lang='lat' dir='ltr'><strong>deParis,</strong></span> <span class='ocrx_word' id='word_1_335' title='bbox 583 3950 612 4000; x_wconf 85' lang='lat' dir='ltr'><strong>de</strong></span> <span class='ocrx_word' id='word_1_336' title='bbox 632 3950 659 4000; x_wconf 89' lang='lat' dir='ltr'><strong>la</strong></span> <span class='ocrx_word' id='word_1_337' title='bbox 701 3948 770 4001; x_wconf 85' lang='lat' dir='ltr'><strong>Puta</strong></span> <span class='ocrx_word' id='word_1_338' title='bbox 785 3961 885 4014; x_wconf 82' lang='lat' dir='ltr'><strong>vestes,</strong></span> <span class='ocrx_word' id='word_1_339' title='bbox 901 3966 994 4018; x_wconf 84' lang='lat' dir='ltr'><strong>equos,</strong></span> <span class='ocrx_word' id='word_1_340' title='bbox 1016 3964 1110 4012; x_wconf 87' lang='lat' dir='ltr'><strong>canes,</strong></span> <span class='ocrx_word' id='word_1_341' title='bbox 1127 3964 1216 4014; x_wconf 86' lang='lat' dir='ltr'><strong>arma,</strong></span> 
     </span>
     <span class='ocr_line' id='line_1_38' title="bbox 133 4024 1218 4107; baseline -0.001 -27"><span class='ocrx_word' id='word_1_342' title='bbox 133 4034 315 4083; x_wconf 72' lang='lat' dir='ltr'><strong>wmmuuarue.</strong></span> <span class='ocrx_word' id='word_1_343' title='bbox 609 4042 614 4049; x_wconf 82' lang='grc'><strong>’</strong></span> <span class='ocrx_word' id='word_1_344' title='bbox 702 4042 752 4081; x_wconf 89' lang='lat' dir='ltr'><strong>etc.</strong></span> <span class='ocrx_word' id='word_1_345' title='bbox 769 3986 895 4099; x_wconf 83' lang='lat' dir='ltr'><strong>Sicapud</strong></span> <span class='ocrx_word' id='word_1_346' title='bbox 913 4024 1084 4107; x_wconf 77' lang='lat' dir='ltr'><strong>Homerum</strong></span> <span class='ocrx_word' id='word_1_347' title='bbox 1076 4043 1105 4077; x_wconf 89' lang='lat' dir='ltr'><strong>m</strong></span> <span class='ocrx_word' id='word_1_348' title='bbox 1124 4026 1218 4079; x_wconf 74' lang='lat' dir='ltr'><strong>funere</strong></span> 
     </span>
     <span class='ocr_line' id='line_1_39' title="bbox 186 4104 1219 4201; baseline 0.002 -40"><span class='ocrx_word' id='word_1_349' title='bbox 186 4108 212 4161; x_wconf 83' lang='lat'>3</span> <span class='ocrx_word' id='word_1_350' title='bbox 222 4110 297 4161; x_wconf 78' lang='lat' dir='ltr'><strong>Varr</strong></span> <span class='ocrx_word' id='word_1_351' title='bbox 287 4130 313 4161; x_wconf 86' lang='lat' dir='ltr'><strong>m</strong></span> <span class='ocrx_word' id='word_1_352' title='bbox 322 4128 407 4160; x_wconf 75' lang='lat' dir='ltr'><strong>uxores</strong></span> <span class='ocrx_word' id='word_1_353' title='bbox 412 4120 553 4201; x_wconf 83' lang='lat' dir='ltr'><strong>potestatem</strong></span> <span class='ocrx_word' id='word_1_354' title='bbox 562 4109 657 4160; x_wconf 79' lang='lat' dir='ltr'><strong>habeut.</strong></span> <span class='ocrx_word' id='word_1_355' title='bbox 702 4107 826 4176; x_wconf 82' lang='lat' dir='ltr'><strong>Patrocli.</strong></span> <span class='ocrx_word' id='word_1_356' title='bbox 843 4108 903 4159; x_wconf 89' lang='lat' dir='ltr'><strong>Mos</strong></span> <span class='ocrx_word' id='word_1_357' title='bbox 922 4117 1010 4159; x_wconf 88' lang='lat' dir='ltr'><strong>autem</strong></span> <span class='ocrx_word' id='word_1_358' title='bbox 1024 4118 1100 4160; x_wconf 85' lang='lat' dir='ltr'><strong>vetus</strong></span> <span class='ocrx_word' id='word_1_359' title='bbox 1122 4104 1219 4163; x_wconf 80' lang='lat' dir='ltr'><strong>urendi</strong></span> 
     </span>
     <span class='ocr_line' id='line_1_40' title="bbox 67 4177 1117 4261; baseline -0.001 -21"><span class='ocrx_word' id='word_1_360' title='bbox 67 4222 71 4228; x_wconf 91' lang='lat'>·</span> <span class='ocrx_word' id='word_1_361' title='bbox 140 4188 237 4253; x_wconf 79' lang='lat' dir='ltr'><strong>Qualis</strong></span> <span class='ocrx_word' id='word_1_362' title='bbox 250 4188 324 4261; x_wconf 84' lang='lat' dir='ltr'><strong>apud</strong></span> <span class='ocrx_word' id='word_1_363' title='bbox 337 4190 429 4241; x_wconf 86' lang='lat' dir='ltr'><strong>Persas</strong></span> <span class='ocrx_word' id='word_1_364' title='bbox 443 4177 584 4241; x_wconf 82' lang='lat' dir='ltr'><strong>olimerat.</strong></span> <span class='ocrx_word' id='word_1_365' title='bbox 593 4186 657 4240; x_wconf 86' lang='lat' dir='ltr'><strong>Vid.</strong></span> <span class='ocrx_word' id='word_1_366' title='bbox 703 4205 816 4261; x_wconf 85' lang='lat' dir='ltr'><strong>corpora</strong></span> <span class='ocrx_word' id='word_1_367' title='bbox 829 4185 899 4259; x_wconf 86' lang='lat' dir='ltr'><strong>apud</strong></span> <span class='ocrx_word' id='word_1_368' title='bbox 914 4188 1010 4239; x_wconf 86' lang='lat' dir='ltr'><strong>multas</strong></span> <span class='ocrx_word' id='word_1_369' title='bbox 1020 4198 1117 4258; x_wconf 84' lang='lat' dir='ltr'><strong>gentes</strong></span> 
     </span>
     <span class='ocr_line' id='line_1_41' title="bbox 141 4261 1218 4339; baseline -0.001 -20"><span class='ocrx_word' id='word_1_370' title='bbox 141 4268 416 4337; x_wconf 78' lang='lat' dir='ltr'><strong>Aristot.l.v1&#39;11‚ad</strong></span> <span class='ocrx_word' id='word_1_371' title='bbox 432 4268 587 4326; x_wconf 81' lang='lat' dir='ltr'><strong>Nicomach</strong></span> <span class='ocrx_word' id='word_1_372' title='bbox 601 4286 659 4339; x_wconf 84' lang='lat' dir='ltr'><strong>cap.</strong></span> <span class='ocrx_word' id='word_1_373' title='bbox 745 4268 771 4320; x_wconf 87' lang='grc'><strong>8.</strong></span> <span class='ocrx_word' id='word_1_374' title='bbox 789 4268 866 4320; x_wconf 81' lang='lat' dir='ltr'><strong>Jrutis</strong></span> <span class='ocrx_word' id='word_1_375' title='bbox 883 4268 1017 4333; x_wconf 72' lang='lat' dir='ltr'><strong>funeribus.</strong></span> <span class='ocrx_word' id='word_1_376' title='bbox 1036 4264 1111 4325; x_wconf 83' lang='lat' dir='ltr'><strong>Dura</strong></span> <span class='ocrx_word' id='word_1_377' title='bbox 1127 4261 1218 4325; x_wconf 82' lang='lat' dir='ltr'><strong>admo·</strong></span> 
     </span>
    </p>
   </div>
   <div class='ocr_carea' id='block_1_9' title="bbox 975 4364 1032 4461">
    <p class='ocr_par' dir='ltr' id='par_1_9' title="bbox 975 4364 1032 4461">
     <span class='ocr_line' id='line_1_42' title="bbox 975 4364 1032 4461; baseline 0 -27"><span class='ocrx_word' id='word_1_378' title='bbox 975 4364 1032 4461; x_wconf 86' lang='lat'><strong>17²</strong></span> 
     </span>
    </p>
   </div>
   <div class='ocr_carea' id='block_1_10' title="bbox 0 0 1521 5034">
    <p class='ocr_par' dir='ltr' id='par_1_10' title="bbox 0 0 1521 5034">
     <span class='ocr_line' id='line_1_43' title="bbox 0 0 1521 5034; baseline 0 0"><span class='ocrx_word' id='word_1_379' title='bbox 0 0 1521 5034; x_wconf 95' lang='lat' dir='ltr'><strong> </strong></span> 
     </span>
    </p>
   </div>
  </div>
 </body>
</html>
