3000 5034
291 495 362 566 DE
389 495 562 567 BELLO
590 495 840 565 GALLICO.
868 497 963 568 LIB.
991 500 1018 567 I.
1152 499 1199 572 53

125 631 214 721 latis,
229 629 323 720 iore,
336 629 385 699 uti
406 630 589 724 pertinacia
609 628 788 700 desisteret.
807 628 889 700 Dies
910 629 1077 725 colloquio
1092 631 1206 704 dictus

125 753 190 825 est,
206 762 248 807 ex
270 762 313 806 eo
334 735 388 806 die
409 737 553 830 quintus.
575 737 732 825 Interim,
749 761 854 832 quum
879 762 966 832 saepe
989 736 1079 806 ultro
1102 740 1202 807 citro·

124 869 187 940 que
217 843 321 939 legati
350 845 515 914 intereos
541 844 772 932 mitterentur,
794 845 981 914 Ariovistus
1002 842 1204 939 postulavit,

124 975 165 1032 ne
186 975 287 1046 quem
310 949 456 1044 peditem
470 949 513 1018 ad
535 947 736 1044 colloquium
754 952 867 1020 Cesar
879 950 1080 1022 adduceret:
1095 954 1207 1020 vereri

127 1080 178 1146 se,
194 1082 238 1128 ne
260 1081 322 1151 per
344 1055 477 1127 insidias
499 1057 604 1130 abeo
625 1057 943 1126 circumveniretur:
964 1073 1105 1152 uterque
1126 1084 1204 1128 cum

125 1166 274 1258 equitatu
306 1165 436 1232 veniret
457 1189 466 1232 z
488 1162 554 1232 alia
587 1165 716 1234 ratione
746 1189 782 1232 se
811 1188 880 1232 non
911 1189 982 1236 esse
1012 1180 1205 1234 venturum.

13 1297 16 1306 ·
126 1274 252 1359 Caesar,
267 1269 359 1364 quod
388 1295 497 1364 neque
526 1267 729 1365 colloquium
760 1273 956 1364 interposita
985 1270 1111 1342 causa²
1134 1271 1209 1342 tolli

124 1375 278 1466 volebat,
298 1401 406 1471 neque
435 1375 575 1446 salutem
602 1401 696 1447 suam
723 1375 899 1446 Gallorum
924 1364 1094 1472 equitatu³
1112 1404 1204 1448 com-

125 1486 255 1558 mittere
286 1483 449 1573 audebat,
463 1483 770 1553 commodissimum
798 1508 870 1553 esse
900 1487 1032 1574 statuit,
1048 1487 1204 1555 omnibus

127 1593 216 1686 equis
244 1589 350 1662 Gallis
380 1592 545 1685 equitibus
573 1590 750 1682 detractis,
771 1577 833 1658 eol
856 1589 1054 1685 legionarios
1084 1591 1205 1662 milites

125 1695 262 1793 legionis
277 1697 434 1786 decimae,
449 1700 504 1766 cui
520 1721 620 1792 quam
635 1699 778 1766 maxime
791 1697 999 1786 confidebat,
1013 1699 1204 1792 imponere,

126 1820 161 1873 ut
181 1805 375 1900 praesidium
396 1827 496 1898 quam
519 1806 775 1893 amicissimum,
791 1806 818 1874 si
839 1805 919 1900 quid
941 1829 1026 1900 opus
1047 1805 1137 1875 facto
1158 1830 1205 1874 cs·

127 1927 191 2000 set,
210 1911 361 1982 baberet.
383 1911 487 1999 Quod
514 1937 618 2006 quum
644 1911 759 2000 fieret,
776 1937 846 1981 non
866 1896 1054 1981 irridicule⁵
1069 1911 1204 2006 quidam

126 2043 163 2086 ex
174 2018 337 2103 militibus
357 2018 494 2088 decimae
511 2016 648 2112 legionis
665 2017 768 2086 dixit:
787 2047 805 2083 a
822 2018 1024 2113 plus,quam
1038 2019 1204 2113 pollicitus

126 2140 230 2214 esset,
244 2127 412 2196 Caesarem
424 2127 454 2194 ei
465 2126 595 2213 facere;
610 2123 814 2218 pollicitum,
825 2150 860 2194 se
874 2126 909 2193 in
921 2125 1069 2194 cohortis
1083 2141 1207 2220 praeto·¹

126 2233 178 2302 riae
200 2231 278 2302 loco
299 2232 463 2302 decimam
485 2230 649 2326 legionem
670 2231 885 2322 habiturum,
904 2257 995 2304 nunc
1016 2232 1059 2302 ad
1080 2244 1205 2327 equum
1260 2222 1262 2226 ⁸

124 2339 304 2408 rescribere
318 2324 340 2407 ⁶.
361 2356 379 2392 ³>

175 2448 305 2516 XLIII.
327 2444 483 2516 Planities
509 2459 581 2514 erat
600 2469 739 2539 magna,
761 2460 796 2514 et
815 2446 851 2513 in
871 2469 911 2519 ea
931 2445 1079 2514 tumulus
1101 2460 1204 2514 terre·

126 2551 206 2622 nns¹
222 2555 303 2624 satis
323 2552 467 2647 grandis.
489 2555 554 2622 Hic
576 2551 670 2622 locus
691 2576 788 2645 aequo
809 2551 878 2622 fore
899 2553 1007 2646 spatio
1027 2551 1071 2619 ab
1089 2553 1205 2620 castris
1292 2539 1296 2550 ¹

127 2658 295 2757 utrisque²
311 2659 436 2731 aberat.
459 2662 530 2748 Eo,
545 2672 585 2728 ut
605 2673 677 2728 eret
698 2658 847 2747 dictum,
861 2658 904 2727 ad
923 2655 1126 2752 colloquium
1148 2682 1203 2726 ve-

67 2763 70 2772 ’
127 2781 257 2836 nerunt.
272 2768 456 2862 Legionem
471 2770 595 2855 Caesar,
612 2790 713 2860 quam
734 2767 828 2860 equis
844 2764 1041 2854 devexerat,
1053 2766 1205 2859 passibus

128 2871 277 2944 ducentis
299 2874 342 2943 ab
367 2899 407 2944 eo
437 2871 566 2943 tumulo
588 2874 769 2944 constituit.
792 2876 879 2943 Item
900 2874 1027 2968 equites
1047 2873 1206 2942 Ariovisti
1229 2952 1235 2966 .

168 3079 194 3114 α.
211 3060 356 3130 Interposita
367 3077 447 3110 eausa.
458 3057 598 3109 Praetexm.
688 3052 776 3106 ditum
785 3052 903 3124 catalogo
911 3052 1041 3122 scriptum
1051 3062 1120 3116 erat,
1129 3048 1205 3102 dein-

168 3141 194 3192 3.
210 3139 296 3212 Neque
305 3137 404 3190 salutem
418 3155 485 3188 suam
497 3133 566 3190 Gall.
580 3138 645 3206 equi·
688 3131 722 3185 de
736 3134 766 3186 ln
784 3133 904 3203 equitum
918 3132 1067 3203 catalogum
1080 3130 1207 3183 transfer·

131 3231 188 3273 tatu.
202 3220 275 3271 Bene
293 3231 319 3271 et
334 3215 481 3290 prudenter
495 3233 502 3268 :
515 3233 578 3267 nam
588 3215 645 3286 pri·
688 3225 748 3279 tur,
760 3213 812 3266 hoc
825 3209 880 3264 dici
890 3223 979 3284 potest
995 3211 1132 3275 rescrr'bere,
1144 3211 1207 3282 quia

131 3297 233 3352 demin
245 3298 383 3352 Helvetico
395 3291 540 3358 bello(vid.
550 3313 645 3365 supra,
688 3293 819 3364 scriptum
835 3303 963 3344 mutatur.
983 3291 1090 3344 Samuel
1110 3290 1207 3356 Petit,

131 3397 152 3432 c.
176 3375 229 3442 15)
245 3391 356 3431 noverat
371 3374 437 3448 quid
458 3395 472 3428 a
492 3372 646 3448 proditione
690 3371 769 3426 Obss.
785 3391 810 3438 1,
826 3375 859 3436 6,
875 3382 981 3427 acutum
1000 3370 1081 3422 nimis
1099 3387 1205 3421 sensum

131 3456 278 3511 timendum
303 3469 378 3511 esset.
401 3487 442 3502 ψ-
461 3457 582 3528 Equitare
597 3473 647 3524 pro
689 3452 798 3523 reperit.
812 3451 899 3505 Caesar
911 3449 1045 3520 pollicitus
1059 3460 1116 3500 erat
1128 3467 1156 3500 se
1171 3449 1214 3502 lei

132 3543 258 3610 equitatui,
271 3539 301 3590 in
315 3535 400 3590 dandi
415 3555 485 3588 casu.
690 3529 823 3606 gionarios
838 3530 935 3586 milites
949 3529 979 3581 in
993 3531 1150 3600 pretorium
1165 3548 1206 3580 co·

172 3619 256 3682 4130
281 3618 390 3690 Vulgat.
406 3614 476 3668 Edd.
490 3618 548 3680 eis„
564 3613 606 3666 vel
622 3616 647 3666 in
690 3611 812 3677 bortis,i.
830 3629 854 3664 e.
870 3611 899 3662 in
915 3608 1042 3662 clientum
1056 3608 1115 3662 loco
1130 3607 1207 3660 habi·

134 3717 177 3750 σοι.
193 3698 246 3751 Os.
258 3695 345 3752 Codd.
359 3695 445 3749 nostri
456 3715 492 3747 eo.
690 3705 797 3757 turum3
809 3702 836 3742 st
850 3708 923 3742 nunc
936 3688 972 3740 ad
984 3708 1070 3762 equam
1085 3689 1206 3752 rescribit3

177 3778 202 3831 5.
222 3777 280 3831 Non
303 3777 434 3828 irremote.
455 3775 541 3827 Grec.
565 3773 646 3833 ἀςεῖόν
690 3771 743 3824 hoc
768 3784 821 3836 est,
840 3789 896 3822 non
922 3781 1027 3822 tantum
1048 3769 1078 3822 in
1097 3768 1207 3820 cliente·

135 3876 174 3921 τι,
188 3858 287 3924 facete,
297 3869 324 3910 et
338 3854 420 3909 modo
436 3851 470 3908 ad
485 3850 648 3908 movendum
690 3853 743 3905 lam
753 3878 765 3917 ,·
776 3850 822 3904 sed
842 3862 870 3902 et
886 3850 915 3903 in
937 3849 1065 3902 familiam
1079 3846 1205 3901 admittit.

134 3936 214 3990 risum
229 3951 299 4008 apto.
691 3930 764 3984 Vide
780 3931 900 3986 Gronov.
916 3927 951 3983 ad
963 3929 1054 3982 Senes.
1070 3926 1104 3980 de
1114 3928 1207 3982 Benef.

175 4020 200 4070 6.
215 4017 289 4071 Nunc
304 4016 340 4068 ad
361 4035 445 4086 equum
466 4013 598 4065 rescribere.
615 4009 649 4064 Id
692 4012 728 4078 V,
742 4015 770 4064 6.

139 4107 192 4161 est,
201 4097 333 4169 legionem
354 4114 413 4166 quae
433 4092 555 4166 peditum
574 4104 647 4158 erat,
732 4087 1210 4144 Cn.X1.111.1.Temnus.A1.eer·

60 4207 73 4232 x
139 4174 315 4232 innumerum
325 4175 446 4246 equitum
463 4173 646 4226 transcribere.
692 4191 754 4224 reus.
771 4168 858 4223 codd.
873 4168 960 4223 nostri
979 4169 1104 4221 Terrenus.

139 4254 223 4322 Quum
237 4257 309 4312 enim
322 4256 345 4310 is
359 4255 434 4326 cujus
445 4252 585 4310 nomenis
600 4271 647 4324 pe·
731 4270 757 4303 s.
769 4250 888 4322 Utrisque.
896 4248 957 4304 Scil.
966 4250 1031 4304 Ces.
1039 4248 1208 4305 etArioristi.
