3000 5034
277 430 352 523 174
413 426 452 492 C.
481 420 624 505 JULII
659 418 898 507 CAESARIS
932 418 1207 489 COMMENT.

271 560 386 629 venire
403 557 521 653 jubet,
545 580 613 650 quo
637 578 679 623 ex
706 568 808 648 portu
833 550 1138 624 commodissimum
1162 553 1197 620 in
1219 554 1347 623 britan-

271 670 362 736 niam
379 661 629 735 transmissum⁷
643 684 714 731 esse
732 649 955 754 cognoverit,
967 660 1097 731 circiter
1114 658 1254 727 millium
1273 687 1348 757 pas·

272 797 371 844 suum
391 756 515 841 XXX⁸
538 794 558 837 a
579 769 772 845 continenti.
792 768 880 843 Huic
894 768 942 837 rei
955 766 1046 861 quod
1060 768 1138 836 satis
1154 790 1226 836 esse
1240 770 1348 837 visum

272 895 324 950 est
343 878 502 966 militum,
520 876 671 971 reliquit:
690 876 761 969 ipse
783 898 861 946 cum
883 871 1067 967 legionibus
1084 873 1268 968 expeditis⁹
1287 880 1348 965 IV,

271 1002 306 1057 et
321 986 485 1081 equitibus
498 986 624 1055 DCCC
641 984 675 1051 in
689 981 774 1052 fines
785 982 1000 1054 Trevirorum
1013 979 1250 1076 proficiscitur,
1259 983 1350 1076 quod

270 1092 307 1163 hi
329 1118 437 1187 neque
455 1092 498 1161 ad
516 1088 658 1163 concilia
674 1088 872 1177 veniabant,
889 1112 997 1183 neque
1014 1089 1155 1182 irnperio
1172 1088 1350 1182 parebant,
1464 1122 1467 1126 ·

272 1202 525 1292 Germanosque
546 1196 808 1270 transrhenanos
829 1194 1004 1267 sollicitare
1025 1194 1230 1265 dicebantur.

324 1308 387 1376 ΙΙΙ.
410 1309 491 1383 Hac
510 1306 625 1377 civitas
643 1302 742 1397 longe
757 1301 937 1397 plurimum
952 1303 1053 1372 totius
1071 1300 1188 1372 Galliae
1201 1305 1351 1396 equitatu

270 1412 377 1501 valet,
391 1436 594 1506 magnasque
615 1410 718 1481 habet
738 1411 853 1504 copias
872 1408 1042 1504 peditum,
1057 1409 1295 1503 Rhenumque,
1314 1425 1353 1480 ut

199 1550 203 1561 ·
270 1544 373 1615 supra
383 1518 702 1604 demonstravimus,
717 1517 834 1610 tangit.
845 1519 886 1586 ln
899 1540 939 1585 ea
950 1517 1083 1585 civitate
1095 1515 1164 1585 duo
1174 1515 1217 1584 de
1226 1517 1351 1611 princi-

270 1641 352 1722 patu
366 1628 453 1697 inter
468 1650 502 1697 se
517 1624 783 1712 contendebant,
797 1620 1064 1693 Indutiomarns¹
1074 1637 1109 1692 et
1123 1624 1320 1717 Cingetorix
1329 1622 1350 1692 ²:

270 1758 312 1801 ex
333 1732 453 1826 quibus
474 1730 579 1819 alter,
594 1728 691 1799 simul
709 1745 808 1823 atque
823 1728 866 1797 de
881 1731 1022 1799 Caesaris
1038 1728 1272 1824 legionumque
1290 1732 1350 1800 ad·

269 1852 374 1907 ventu
394 1839 566 1933 cognitum
584 1851 656 1923 est,
671 1835 714 1904 ad
735 1860 812 1903 eum
834 1837 946 1924 venit3
963 1861 998 1904 se
1020 1859 1163 1930 suosque
1180 1862 1296 1906 omnes
1317 1841 1351 1907 in

269 1944 382 2014 officio
398 1944 544 2031 futuros,
559 1966 667 2036 neque
682 1942 724 2011 ab
734 1943 879 2010 amicitia
894 1940 1009 2037 populi
1019 1944 1148 2011 romani
1160 1942 1351 2015 defecturos

269 2050 502 2138 confirmavit;
524 2074 663 2143 quaeque
684 2050 719 2119 in
739 2050 1121 2143 Trevirisgererentur,
1135 2051 1289 2122 ostendit.
1306 2055 1351 2121 At

268 2157 517 2227 Indutiomarus
532 2156 716 2249 equitatum
734 2155 985 2250 peditatumque
999 2181 1138 2251 cogere,
1152 2159 1275 2252 iisque,
1291 2160 1351 2253 qui

268 2288 330 2360 per
345 2277 476 2332 aetatem
491 2265 526 2331 in
541 2264 641 2331 armis
656 2287 727 2335 esse
743 2288 813 2331 non
828 2278 1000 2358 poterant,
1015 2264 1049 2331 in
1065 2263 1181 2334 siivam
1195 2264 1349 2335 Arduen-

267 2394 347 2439 nam
372 2370 511 2458 abditis,
534 2394 607 2464 quae
630 2370 756 2464 ingenti
778 2369 1005 2465 magnitudine
1027 2395 1088 2465 per
1114 2371 1240 2443 medios
1263 2372 1349 2443 fines

267 2556 450 2620 cio;attamen
458 2555 556 2608 nostris
565 2553 668 2607 civibus
675 2572 786 2625 geogra·
872 2573 899 2623 9.
916 2554 979 2607 Cum
993 2555 1126 2625 legionibus
1142 2555 1266 2628 apsditis.
1279 2559 1348 2624 Qua

268 2637 355 2707 phicae
372 2637 542 2708 peritissimis
560 2634 682 2689 assentiri
704 2634 785 2687 satius
829 2653 885 2687 uon
907 2633 1041 2688 ducebant
1059 2635 1348 2709 impedimenta,qua·

268 2735 324 2769 esse
339 2717 470 2769 existimo.
828 2733 943 2786 rumque
949 2716 1210 2770 militeauonvalium
1216 2718 1346 2772 ferebant.

310 2814 337 2866 7.
362 2798 388 2851 T
385 2800 545 2847 masmissuin.
566 2794 608 2847 al.
632 2795 785 2862 erarujertum
870 2796 935 2849 Car.
947 2797 997 2849 111.
1017 2815 1041 2849 1.
1057 2798 1245 2851 Indutiomarus.
1263 2799 1348 2852 Num-

267 2896 283 2927 e
295 2876 457 2945 glossemate.
470 2876 538 2927 Nam
554 2892 606 2927 vox
623 2878 785 2925 summissum
829 2893 905 2927 mum
920 2876 1000 2948 hujus
1015 2877 1190 2948 repossidere
1202 2880 1347 2950 profitetur

267 2968 295 3006 et
303 2955 447 3026 elegantior
454 2966 506 3019 est,
515 2965 542 3006 et
548 2953 666 3007 occurrit
674 2965 785 3023 prater·
828 2954 989 3022 Oberlinus,
1001 2959 1077 3028 cujus
1091 2960 1178 3011 antica
1187 2978 1250 3030 pars
1265 2960 1347 3013 offert

268 3054 313 3100 ea,
328 3054 351 3087 c.
371 3035 415 3087 13.
433 3032 501 3087 Cod.
517 3026 607 3086 noster
622 3052 677 3103 reg.
697 3034 785 3102 5763,
828 3048 908 3106 caput
920 3037 1038 3108 juvenda
1044 3039 1143 3110 absque
1153 3039 1273 3110 inscript.
1283 3040 1347 3094 Ροε-

267 3114 305 3167 ita
318 3114 390 3169 bunc
402 3114 492 3167 locum
505 3114 586 3185 legit:
603 3114 660 3183 Quo
671 3133 701 3165 ss
709 3126 784 3184 portu
828 3115 880 3169 tica
895 3135 977 3182 vero,
991 3119 1088 3177 bovem
1103 3118 1271 3191 gradientem
1283 3138 1346 3173 cum

266 3194 511 3247 commodissimumin
519 3194 652 3247 Britannia
659 3196 784 3263 trajectum
827 3194 878 3249 hae
891 3196 1036 3269 epigraphe
1049 3216 1057 3250 t
1070 3215 1221 3253 emarus
1231 3217 1343 3254 trinum.

266 3295 316 3326 esse
329 3287 483 3345 cognouerat,
492 3278 587 3327 circiter
595 3274 644 3326 mil.
655 3294 722 3344 pass.
732 3295 784 3329 xxx
827 3293 884 3329 rur.
901 3276 976 3342 Quid
990 3278 1075 3330 velint
1089 3280 1131 3332 ba
1144 3294 1260 3351 quatuor
1267 3281 1345 3334 linea¹

267 3360 429 3407 transmissum
443 3358 607 3407 acontineati.
624 3355 665 3407 Ita
677 3372 784 3425 quoque
826 3357 931 3410 nomini
946 3356 1077 3429 adjuncta
1096 3360 1228 3413 incertum
1244 3373 1292 3413 est
1308 3363 1346 3413 At

267 3435 333 3489 aiter
346 3454 400 3507 reg.
418 3436 492 3507 5764
504 3452 512 3501 3
527 3446 555 3487 et
570 3453 628 3489 eam
640 3435 784 3495 lectionem
827 3449 899 3489 certe
911 3457 1010 3491 nomen
1028 3458 1077 3511 per
1090 3459 1107 3492 r
1120 3439 1293 3494 scribendum
1305 3452 1346 3494 est

204 3538 205 3543 ¹
266 3516 408 3586 genuinam
418 3534 550 3587 essepene
561 3512 737 3581 crediderim
754 3528 784 3568 ut
802 3561 811 3577 χ
826 3534 882 3569 non
892 3537 942 3588 per
956 3538 992 3585 ι,
1006 3531 1037 3571 ut
1049 3538 1126 3590 grec.
1140 3522 1239 3593 interp.
1253 3522 1343 3574 habet.

265 3596 300 3647 sit
313 3614 404 3649 sensus
415 3615 421 3649 :
432 3597 456 3649 Il
469 3599 549 3647 saeuit
563 3616 607 3667 que
622 3596 707 3647 c'e'tas't
720 3596 783 3646 l’en-
826 3596 1026 3653 Indutiomarus
1036 3619 1064 3653 se
1078 3601 1181 3673 origine
1195 3601 1345 3673 germanica

264 3676 331 3727 droit
344 3677 366 3727 le
378 3676 434 3747 plur
449 3676 569 3727 commode
581 3695 646 3746 pour
655 3694 742 3745 passer
753 3695 784 3727 en
826 3678 968 3747 gloriatur,
986 3691 1017 3731 ut
1036 3700 1109 3752 supr.
1131 3700 1173 3749 ιν,
1191 3700 1243 3748 ar,
1261 3683 1343 3735 Com·

264 3756 388 3825 Bretagne
395 3777 405 3818 ,·
421 3756 445 3808 la
455 3756 562 3808 distance
572 3756 665 3807 a'e'eant
680 3756 714 3807 du
724 3776 782 3807 con·
827 3758 905 3811 mins.

265 3838 368 3889 sinenti
383 3847 443 3889 cette
453 3837 496 3899 cie,
522 3854 566 3908 que
588 3836 712 3889 d'environ
729 3855 783 3890 xxx
868 3838 1344 3907 a.Cingetorix.Nomenomninocel·

264 3917 329 3967 mille
342 3936 398 3987 pas.
825 3917 909 3971 ticum
921 3920 1050 3972 exhibens
1069 3921 1177 3973 titulum
1195 3921 1341 3993 dignitatis.

306 4000 333 4050 8.
345 3998 417 4049 Pass.
431 4014 485 4049 xxx
498 3994 558 4049 nili.
570 3995 611 4049 al.
627 4015 669 4049 xa.
678 3998 719 4049 De
729 3994 783 4051 dia·
827 3998 990 4067 Congo-teir,
1003 4012 1097 4072 caput,
1111 4002 1236 4073 princeps
1252 4002 1286 4055 ad
1297 4020 1342 4054 er·

262 4076 398 4146 crepantia
413 4077 566 4148 spatii‚qua
578 4074 671 4129 differt
691 4077 781 4131 Caesar
823 4078 990 4149 peditionem
1002 4083 1042 4135 :le
1055 4083 1154 4149 eiusde
1175 4084 1340 4153 l'espe'diuba.

263 4156 296 4209 ab
311 4154 453 4222 aliis,Vid.
467 4156 553 4211 Strab.
567 4158 585 4209 l.
600 4176 642 4223 ιν,
656 4176 722 4226 199.
824 4160 899 4213 Infra
913 4161 931 4214 l.
951 4179 1049 4228 v11‚c.
1072 4170 1107 4229 4,
1125 4164 1274 4235 praefigitur
1293 4182 1341 4213 uer
