3000 5034
286 478 358 574 nn
385 504 561 574 nanno
588 468 965 577 sannionum.
986 512 1035 581 .v.
1132 534 1219 607 229·

133 630 315 704 dimitteret
330 690 340 723 ,
355 637 546 731 cogitabat.
568 641 700 733 Itaque
726 662 747 706 a
773 642 986 737 Cingetorige
1014 655 1113 762 atque
1137 646 1209 735 ejus

132 742 331 835 propinquis
353 745 503 813 oratione
526 743 747 814 Indutiomari
768 749 920 841 cognita,
941 772 1042 841 quarn
1071 750 1105 816 in
1128 776 1208 819 conr

131 844 207 915 cilio
241 848 428 936 habuerat,
456 852 595 920 nuncios
625 848 750 921 mittit.²
780 854 822 921 ad
849 852 1006 923 finitimas
1039 857 1207 946 civitates,

130 953 325 1049 equitesque
344 903 490 1049 undique
507 942 661 1025 evocat³t
671 960 716 1027 iis
734 973 863 1027 certum
881 960 969 1028 diem
987 910 1208 1031 conveniendi

131 1057 218 1127 dicit.
244 1064 402 1161 Interim
399 1087 511 1156 prope
534 1063 681 1156 quotidie
709 1088 804 1133 cum
816 1068 909 1135 omni
936 1068 1086 1159 equitatu
1103 1068 1205 1137 Indu·

130 1166 292 1235 tiomarus
314 1116 375 1236 sirb
400 1171 516 1237 castris
532 1169 604 1261 ejus
629 1170 815 1265 vagabatur
826 1225 844 1258 „
856 1171 938 1239 alias
957 1187 997 1244 ut
1016 1175 1116 1241 situm
1134 1198 1219 1243 cas·³

130 1283 260 1341 trorum
277 1289 509 1369 cognosceret,
519 1273 598 1344 alias
612 1274 823 1371 colloquendi
832 1292 890 1346 aut
904 1279 1076 1347 territandi
1085 1303 1186 1361 causa
1196 1306 1220 1347 :·

129 1380 255 1471 equites
276 1378 479 1474 plerumque
492 1396 607 1450 omnes
622 1380 688 1451 tela
711 1384 798 1452 intra
825 1381 949 1451 vallum
973 1384 1204 1477 conjiciebant.

129 1484 299 1553 Labienus
333 1512 411 1557 suos
429 1488 523 1555 intra
551 1489 753 1558 munitiones
780 1489 986 1576 continebat,
1013 1492 1219 1586 timorisque.-

130 1592 356 1684 opinionem,
332 1580 638 1715 ⁴quibuscumque
659 1608 792 1689 poterat
809 1595 908 1663 rebus
916 1596 1095 1689 ,augebat

179 1700 309 1767 LVIII.
329 1701 444 1788 Quum
459 1700 585 1793 majore
599 1701 633 1768 iu
647 1700 716 1771 dics
735 1702 981 1795 contemptione
998 1702 1205 1773 Indutioma·
1261 1726 1263 1734 ·

12 1826 14 1891 ξ
129 1826 183 1871 rus
207 1803 252 1873 ad
271 1819 379 1883 castra
396 1806 583 1897 accederet,
596 1821 696 1877 nocte
713 1806 1024 1895 una,intromissis1
1039 1808 1207 1901 equiti-bus

12 1984 13 1997 ἢ
128 1912 280 1980 omnium
305 1910 520 1982 finitimarum
548 1914 744 2002 civitatum,
764 1938 848 2008 quos
870 1914 1085 1986 arcessendos
1108 1938 1203 1983 cura·

12 2003 13 2075 3
128 2032 243 2105 verat,
267 2033 361 2088 tanta
378 2018 548 2113 diligentia
569 2045 684 2090 omnes
709 2044 787 2091 suos
809 2019 966 2091 custodiis
989 2022 1076 2089 intra
1095 2035 1205 2090 castra

12 2124 13 2133 ²
129 2125 297 2193 continuit
304 2162 317 2211 ,·
331 2139 374 2195 ut·
388 2124 480 2195 nulla
501 2127 629 2196 ratione
642 2150 682 2195 ea
701 2152 754 2196 res
775 2130 962 2214 enunciari,
981 2142 1040 2197 aut
1059 2126 1105 2195 ad-
1122 2130 1202 2195 Tre-

128 2232 218 2299 viros
242 2230 384 2325 perferri
399 2246 520 2327 posset.
539 2235 678 2302 Interim
701 2258 741 2301 ex
757 2233 997 2303 consuetudine
1010 2231 1205 2326 quotidiana

12 2396 13 2433 3
126 2336 378 2425 Indutiomarus
393 2339 705 2427 adeastraaccedit,
719 2353 818 2432 atque
838 2337 883 2408 ibi
902 2362 1058 2432 magnam
1072 2354 1204 2433 partem

128 2442 192 2511 diei
216 2448 402 2533 consumit;
413 2450 538 2540 equites
552 2442 618 2516 tela
636 2446 836 2538 conjiciunt,
849 2459 883 2513 et
898 2467 1108 2538 magnacum
1121 2469 1202 2513 eon·

128 2548 288 2622 tumelia²
308 2552 488 2621 verborum
506 2567 638 2622 nostros
653 2551 695 2620 ad
712 2574 860 2646 pugnam
873 2557 1028 2636 'evocant
1042 2547 1144 2618 Nullo
1160 2550 1202 2618 ab

127 2658 253 2727 nostris
274 2658 353 2729 dato
374 2683 557 2754 responso,
574 2658 632 2727 ubi
648 2648 758 2727 visum
775 2672 845 2744 est,
859 2656 921 2727 sub
942 2680 1118 2751 vesperum
1136 2656 1201 2725 dis·

128 2766 270 2857 persiae
288 2764 436 2859 dissipati
451 2764 633 2835 discedunt.
645 2764 763 2833 Subito
778 2762 945 2833 Labienus
960 2762 1088 2831 duabus
1092 2776 1203 2893 portis

128 2894 265 2970 omnem
260 2874 466 3009 equitatum
485 2872 620 2941 emittit·
612 2872 790 2967 ,precipit
804 2886 902 2990 atque
919 2868 1086 2938 interdicit
1105 2894 1203 2963 ,pro-

128 2963 252 3047 territis
260 2965 439 3047 ⁴hostibus
459 2993 558 3073 atque
580 2980 615 3046 in
641 2976 756 3073 fugam
784 2976 957 3069 conjectis,
972 2967 1083 3069 (quod
1113 2975 1202 3063 fore,

12 3108 13 3115 ¹
129 3084 348 3156 sicutaccidit
351 3078 536 3175 ,videbat),
548 3097 901 3177 unumomnespetant
914 3082 1202 3170 Indutiomarum

171 3287 199 3321 a.
212 3266 323 3323 Nanctus
334 3272 415 3323 mittit.
427 3267 515 3323 Oxon.
527 3266 586 3324 cod.
600 3270 645 3320 cir·
656 3300 664 3317 .·
687 3266 847 3330 tiomamm3
865 3276 892 3317 et
913 3263 1046 3325 interdicit,
1068 3281 1121 3315 neu
1142 3263 1202 3333 quis

129 3351 271 3410 cummittit,
289 3348 386 3403 omissa
394 3366 459 3402 voce
471 3351 578 3400 nuncios
687 3342 931 3416 quemquamprius
942 3342 1072 3395 vulneret
1088 3343 1129 3395 Ita
1146 3342 1203 3394 sero

172 3428 200 3481 3.
213 3429 317 3482 Evocat.
328 3427 369 3481 al.
383 3439 503 3482 conroeat.
686 3426 796 3479 Morus.
802 3423 891 3475 minus
907 3434 995 3475 autem
1007 3422 1093 3485 bene,
1107 3432 1202 3473 noane

172 3514 200 3573 4.
221 3510 370 3579 Timorisque
385 3511 557 3579 opinionemw
550 3524 646 3576 .auge·
685 3502 801 3577 judicio,
810 3500 899 3554 addit·
914 3501 1201 3552 «Fortassetamenin-
1214 3520 1218 3531 ·

130 3587 182 3640 bat.
190 3586 292 3658 Supra,
300 3594 387 3657 ο.49,
399 3584 645 3641 ubiCaesareodem
688 3578 1070 3636 terdtcereommnoeetedrcere
1071 3598 1202 3650 pronun

128 3677 314 3739 stratagemate
323 3685 387 3721 usus
398 3680 436 3721 est
448 3665 572 3720 adversus
580 3666 645 3719 Ner·
687 3664 943 3733 ciare,interponere
952 3678 1026 3711 suam
1034 3659 1200 3726 sententiam,
1214 3675 1216 3680 ·

127 3747 196 3800 vios.
686 3742 799 3815 jubendi
812 3738 1026 3815 prohibendique
1041 3756 1140 3792 causa:
1149 3739 1200 3790 sa}-

171 3826 237 3879 Cnr.
253 3824 355 3879 LVIII.
382 3827 575 3879 1.Introm1'ssis.
593 3826 644 3879 ne·
687 3819 1199 3890 tementerdietumrnjurenonnunquam

128 3906 214 3977 ceptis
227 3906 255 3957 in
271 3918 355 3959 castra
369 3905 488 3959 Labieni.
500 3906 539 3960 M.
687 3917 726 3957 est
733 3902 804 3956 idem
811 3900 884 3974 quod
902 3901 1004 3952 edictam
1016 3897 1197 3969 simpliciter.
1213 3917 1216 3927 ·

173 4004 199 4037 e.
215 3984 312 4054 Magna
327 4005 379 4037 rum
397 3986 547 4037 contumelia.
562 3985 659 4039 Vacat'
687 3984 753 4036 Esto
763 3984 792 4035 in
802 3984 880 4053 jure:
892 3992 919 4033 at
930 3977 1002 4052 apud
1009 3989 1081 4050 'opta
1091 3977 1202 4048 scripto«

127 4064 285 4137 prepositio
300 4084 367 4131 cum,
379 4064 407 4117 in
423 4064 515 4131 multis,
525 4061 604 4117 codd.
687 4082 729 4115 res
744 4061 1029 4132 idemeseeproereptum
1042 4076 1073 4111 ac
1087 4056 1200 4110 mardic·
1215 4077 1220 4092 ¹

174 4144 200 4197 3.
214 4144 332 4215 Praecipit
346 4158 417 4217 atque
431 4143 559 4197 Interdicit.
573 4144 645 4195 Proe·
690 4156 755 4207 tum,
770 4140 872 4195 inficias
885 4141 924 4192 ire
939 4140 1010 4193 lieet.

130 4226 246 4295 cipiunt
258 4242 344 4280 unum
356 4242 448 4279 omnes
463 4236 555 4297 petant
564 4221 659 4277 Indu-¹
730 4228 757 4287 4.
782 4223 929 4274 Pmterrin's.
950 4219 991 4272 ΑΙ.
1004 4219 1146 4290 pertenuis.
1164 4218 1199 4270 Aa
1267 4251 1269 4254 -
1290 4232 1293 4235 ·

949 4311 1014 4397 15³
