3000 5034
299 477 371 544 DE
398 474 571 544 BELLO
600 471 849 542 GALLICO.
876 473 970 541 LIB.
997 475 1025 540 Ι.
1147 473 1194 546 61

116 610 318 705 delegerant
344 611 432 677 Cum
461 607 550 674 his
541 631 576 673 m
603 603 723 723 praeliis
750 604 986 692 versabantur,
1007 603 1049 672 ad
1071 603 1136 675 hos
1163 633 1198 676 se

16 707 17 760 3
116 719 242 812 equites
266 713 499 850 recipiebant:
521 712 577 800 hi,
596 714 624 780 si
651 711 730 805 quid
757 726 830 780 erat
860 710 996 798 durius,
1019 736 1198 782 concurre·

117 825 223 896 hant:
246 824 274 892 si
297 807 388 916 quil,
406 820 558 949 gravipre
576 817 714 886 vulnere
732 832 890 912 accepto,
903 843 990 912 equo
1011 818 1199 907 deciderat,

119 911 461 1000 circumsistebant&
455 927 509 994 ·si
530 950 597 1019 quo
618 939 689 993 erat
710 923 841 1019 longius
871 924 1123 1019 prodeundum,
1142 941 1200 994 aut

119 1036 257 1108 celerius
269 1031 514 1128 recipiendum,
523 1045 617 1100 tanta
633 1046 705 1100 erat
725 1031 848 1101 horum
866 1033 1099 1101 exercitatione
1114 1032 1201 1102 cele

121 1146 285 1230 ritas,ut,
300 1140 391 1234 jubis
412 1142 574 1233 equorum
597 1138 778 1225 sublevati,
797 1163 932 1207 cursum
949 1138 1171 1232 adaquarent

170 1251 299 1318 XLIX.
324 1246 393 1316 Ubi
411 1271 488 1314 eum
511 1246 627 1314 castris
646 1270 683 1314 se
702 1260 815 1314 tenere
832 1248 945 1313 Caesar
962 1244 1139 1333 intellexit,
1156 1271 1201 1316 no

122 1356 243 1426 diuuus
257 1367 449 1432 commeatu
466 1351 715 1447 prohiberetur,
730 1350 819 1420 ultra
837 1376 915 1419 eum
935 1351 1066 1437 locum,
1080 1377 1147 1446 quo
1165 1355 1200 1420 in

121 1462 193 1532 loco
225 1461 389 1531 Germani
418 1458 654 1545 consederant,
668 1460 801 1526 circiter
821 1481 937 1551 passus
958 1472 1131 1527 sexcentos
1157 1459 1201 1528 ab

122 1572 183 1658 eis,
198 1569 317 1636 castris
348 1565 506 1646 idoneum
536 1562 648 1632 locum
675 1562 816 1656 delegit,
834 1565 969 1657 acieque
1000 1563 1120 1658 triplici
1150 1568 1201 1632 in·

123 1689 269 1762 structa,
283 1672 326 1741 ad
338 1697 415 1740 eum
427 1670 539 1740 locum
560 1672 660 1738 venit.
674 1672 820 1738 Primam
835 1683 870 1738 et
881 1669 1061 1738 secundam
1075 1669 1200 1740 aciem¹

121 1784 153 1849 in
172 1783 276 1850 armis
294 1805 384 1867 esse,
402 1779 534 1847 tertiam
554 1792 663 1846 castra
680 1778 811 1855 munire
835 1777 941 1869 jussit
961 1778 1025 1846 Hic
1045 1777 1138 1847 locus
1158 1778 1205 1846 ab

121 1889 217 1957 hoste
247 1887 381 1956 circiter
410 1909 527 1979 passus
554 1898 746 1969 sexcentos,
761 1886 809 1952 uti
839 1883 967 1952 dictum
992 1898 1060 1972 est,
1076 1885 1200 1953 aberat

121 1997 172 2066 Eo
191 1995 327 2062 circiter
348 1993 523 2062 hominum
541 2015 681 2060 numero
691 1937 804 2059 ²XVI
820 1989 922 2058 millia
938 1938 1111 2085 expedita³
1124 2017 1202 2067 cum

122 2102 213 2171 omni
234 2101 386 2194 equitatu
409 2095 621 2166 Ariovistus'
614 2098 702 2164 misit
712 2121 814 2190 ,quae
841 2099 945 2191 copiae
972 2113 1104 2167 nostros
1126 2124 1201 2193 per·

121 2221 288 2276 terrerent
307 2219 342 2273 et
361 2205 545 2272 munitione
567 2203 792 2297 prohiberent.
815 2202 929 2272 Nihilo
950 2207 1057 2273 secius
1078 2208 1203 2294 Caesar,

123 2329 159 2383 ut
179 2328 259 2382 ante
283 2313 520 2397 constituerat,
538 2309 621 2378 duas
637 2299 730 2378 ‘acies
750 2309 882 2378 hostem
903 2310 1119 2418 propulsare,
1137 2327 1202 2381 ter·

123 2423 201 2490 tiam
211 2444 335 2514 ,opus
356 2415 549 2513 perficere
538 2418 645 2510 jussit
668 2417 808 2483 Munitis
834 2419 970 2504 castris,
970 2412 1069 2486 duas
1091 2419 1137 2487 ibi
1158 2418 1203 2487 le·

124 2530 237 2622 giones
261 2525 412 2619 reliquit,
433 2539 467 2592 et
486 2537 616 2616 partem
638 2510 876 2590 auxilioruml:
897 2538 1041 2617 quatuor
1061 2523 1204 2618 reliquas

124 2637 157 2702 in
175 2648 288 2704 castra
309 2631 437 2724 majora
458 2630 598 2698 reduxit.

125 2811 217 2863 eXen.
230 2809 301 2863 Hist.
312 2803 360 2861 Gr.
370 2827 422 2873 vu,
433 2807 459 2874 5,
469 2809 516 2872 ss,
526 2821 644 2880 apparet.
690 2805 813 2861 ordinem
819 2808 847 2862 h.
856 2807 875 2862 l.
884 2807 975 2862 laudat
986 2810 1061 2881 Turp.
1071 2810 1101 2861 de
1110 2809 1205 2872 Crisa&

126 2888 647 2943 Osann.Haudabsimiliomninoratio-
689 2907 738 2942 nec
761 2890 849 2942 minus
871 2891 1005 2962 vituperat
1025 2891 1206 2954 Ariovistum,

125 2989 159 3022 ne
171 2968 244 3042 apud
254 2969 398 3021 nonnullos
408 2969 522 3039 Europae
533 2969 646 3040 populos
690 2969 737 3040 qui
758 2982 862 3040 partem
888 2983 992 3023 tantum
1015 2972 1055 3024 sui
1077 2971 1207 3024 exercitus

127 3047 646 3121 formanturlegionesquaedam,equiti·
690 3047 815 3103 adversus
824 3049 939 3104 secunda
949 3052 1208 3118 castramiserit,ne·

128 3128 647 3202 busetpeditibusnumeroparibuscon·
689 3131 1207 3202 quecumintegrisviribusincubuerit,

130 3208 210 3277 flate,
219 3223 246 3262 et
260 3210 311 3262 sibi
323 3209 439 3262 invicem
452 3208 645 3262 auxiliantibus.
690 3221 720 3261 nt
735 3211 769 3261 ab
782 3211 833 3262 isto
848 3212 914 3263 colle
924 3212 1055 3264 Caesarem
1068 3213 1209 3284 propulsa·

169 3297 195 3354 4.
205 3291 236 3345 Si
245 3295 293 3363 qui.
308 3289 361 3340 Pro
372 3293 465 3360 siquis.
478 3290 512 3340 Et
524 3289 592 3341 infra
605 3289 647 3339 de-
690 3300 745 3354 ret,
757 3303 897 3361 antequam
911 3292 1072 3344 munitiones
1088 3292 1208 3363 incoeptae

132 3369 237 3436 rideret,
256 3389 312 3421 non
332 3368 485 3434 deciderunt,
503 3380 533 3420 ut
548 3368 648 3421 habent
690 3369 870 3421 firmarentur.

132 3451 264 3502 nonnullae
273 3447 336 3502 edd.
344 3447 412 3502 Cod.
420 3451 452 3501 R.
462 3449 574 3518 5764μί
581 3448 647 3521 quid.
735 3469 760 3501 2.
775 3449 890 3501 Numero.
900 3450 942 3502 Al.
955 3469 1090 3519 numerum,
1100 3452 1142 3502 Al.
1153 3471 1209 3502 non

172 3529 197 3582 ⁵.
216 3529 436 3583 circumsistebant.
450 3529 488 3580 Ut
501 3547 546 3580 eos
562 3529 595 3580 ab
610 3529 649 3580 in·
692 3529 867 3598 intelligentes
878 3530 1034 3582 omiserunt.
1051 3529 1078 3582 si
1090 3531 1155 3584 velis
1167 3542 1210 3582 nrt·

135 3626 209 3661 cursu
229 3610 349 3663 hostium
366 3620 436 3660 tutos
457 3621 484 3661 et
504 3609 649 3662 incolumes
693 3627 797 3674 merum,
820 3610 913 3680 supple
934 3610 1021 3680 quoad.
1045 3609 1097 3662 Sed
1119 3623 1210 3663 nostra

136 3702 294 3758 prestarent.
310 3691 379 3741 Dav.
692 3688 772 3741 lectio
787 3701 963 3743 consentanea
976 3690 1059 3762 magis
1074 3702 1101 3742 et
1113 3691 1211 3742 rationi

176 3770 239 3822 Cir.
250 3769 351 3822 XLIX.
367 3787 392 3821 1.
402 3769 510 3819 Primam
526 3780 551 3819 et
566 3787 649 3820 secun·
694 3769 885 3840 grammaticae,
897 3783 924 3822 et
940 3773 1054 3826 auctoris
1068 3771 1152 3823 nostri
1168 3772 1210 3822 iu·

138 3845 189 3900 dom
206 3854 288 3902 aciem.
298 3851 394 3920 Veget.
411 3865 439 3912 1,
458 3849 509 3900 25:
527 3847 556 3901 Si
576 3849 650 3900 bostis
694 3849 782 3920 genio.
800 3847 887 3903 Codd.
902 3851 987 3902 nostri
998 3871 1103 3904 numero.

139 3930 266 3995 incumbat,
275 3942 326 3980 tum
338 3947 417 3978 omnes
428 3933 528 3999 equites,
539 3941 563 3978 et
573 3929 651 3980 media
728 3929 763 3996 13.
774 3930 906 4001 Expedita.
915 3931 1006 3984 Vacua
1015 3929 1214 4002 impedimentis,

136 4025 188 4076 pars
204 4010 313 4080 peditum
330 4009 365 4058 ad
375 4008 520 4078 pulsandum
541 4012 651 4078 impetum
695 4021 722 4062 et
744 4010 840 4063 leviter
863 4023 970 4063 armata.
994 4010 1066 4064 Gon.
1090 4011 1211 4077 Nostris,

138 4088 276 4141 ordinantur
292 4094 317 4140 irs
329 4092 398 4149 acie,·
407 4088 492 4160 reliqui
503 4099 560 4158 post
573 4091 648 4159 ipsos,
697 4101 791 4161 troupes
811 4091 906 4160 legeres.

137 4167 208 4221 ductis
217 4173 308 4239 fossis,
325 4172 435 4220 mumunt
449 4177 536 4220 castro.
546 4167 652 4222 Peritis·
738 4175 765 4232 4.
775 4171 874 4221 Partem
885 4170 1037 4224 auxiliorum.
1047 4171 1102 4244 Ipsi
1110 4169 1212 4244 pedites

137 4247 227 4303 simum
241 4271 256 4304 a
271 4251 379 4304 Caesare
391 4248 544 4302 institutum
556 4267 653 4320 pugne
697 4247 799 4303 induas
811 4249 891 4304 divisi
900 4263 975 4304 erant
986 4265 1089 4323 partes,
1098 4253 1151 4306 hoc
1160 4264 1212 4317 est,
