3000 5034
219 494 293 565 DE
319 496 508 565 BELLO
535 494 801 564 GALLICO.
830 496 930 565 LlB.
959 496 1032 599 Ill.
1120 496 1191 570 105

121 650 189 695 rum
210 626 339 701 nudata
359 624 588 695 defensoribus
607 627 713 720 premi
729 625 921 715 videbatur,
934 652 976 696 eo
994 617 1193 699 οιοιιίιιιιιι6

121 746 149 801 et
172 731 334 805 auxilium
356 732 467 801 ferre:
488 732 546 801 sed
577 733 642 801 buc
672 735 840 827 superari,
857 734 949 827 quod
977 733 1193 805 diuturnitate

120 862 235 932 pugnae
251 839 366 909 hostes
389 839 508 909 defessi
528 838 643 932 prelio
657 838 881 928 excedebant,
894 840 979 910 alii
970 842 1107 935 integris
1120 842 1195 910 viri·

120 942 175 1013 bus
200 945 451 1017 succedebant:
471 968 613 1040 quarum
634 970 747 1015 rerum
768 970 788 1013 a
809 949 932 1017 nostris
952 961 1092 1078 propter
1111 972 1194 1044 pau·

121 1052 249 1121 citatem
262 1051 337 1121 fieri
352 1051 433 1121 nihil
452 1066 600 1148 poterat3
612 1076 654 1122 ac
670 1060 738 1121 non
754 1053 856 1123 modo
868 1039 1017 1123 ιιειιιεο5
1032 1078 1195 1149 expugna

120 1157 315 1246 excedendi,
330 1158 389 1229 sed
409 1184 451 1227 ne
473 1160 585 1229 saucio
607 1158 791 1253 quidem
763 1184 835 1253 ejus
856 1157 941 1248 loci,
960 1160 1019 1228 ubi
1039 1163 1195 1231 constite-
1228 1164 1233 1174 ‘

120 1278 183 1351 rat,
199 1212 409 1360 relinqirendi
421 1319 431 1353 ,
444 1290 483 1336 ac
506 1266 556 1335 sui
578 1264 758 1361 recipiendi
779 1264 920 1335 facultas
935 1267 1087 1337 dabatur.

166 1373 208 1439 V.
234 1373 352 1461 Quum
379 1372 450 1465 jam
480 1370 622 1468 amplius
643 1372 735 1442 horis
757 1398 815 1441 sex
837 1374 1047 1443 continenter
1066 1398 1195 1469 pugna·
1258 1389 1262 1395 ’

120 1491 223 1565 retur,
243 1502 283 1547 ac
304 1502 374 1547 non
389 1476 498 1549 solum
514 1480 618 1566 vires,
635 1479 693 1548 sed
712 1480 813 1547 etiam
828 1478 912 1567 tela,
923 1479 1063 1549 nostris¹
1074 1480 1195 1549 defice·

120 1598 203 1671 rent,
216 1599 317 1678 atque
332 1585 444 1655 hostes
457 1586 565 1655 acrius
584 1586 766 1673 instarent,
780 1584 1106 1681 languidioribusque
1123 1611 1197 1656 nos·

62 1726 67 1741 .
120 1690 171 1757 tris
191 1689 319 1760 vallum
339 1692 489 1761 scindere
511 1708 545 1761 et
566 1692 671 1761 fossas
686 1690 857 1787 complere
871 1694 1066 1788 coepissent,
1077 1717 1196 1787 resque

120 1810 198 1865 esset
211 1796 284 1889 jam
302 1797 345 1868 ad
363 1812 551 1867 extremum
569 1796 747 1890 perducta²
761 1822 895 1887 casum,
907 1802 942 1867 P
959 1801 1197 1868 Sextiusbacu·

119 1888 184 1971 ιιιε3
187 1956 197 1990 ,
210 1900 369 1997 primipili
381 1904 557 1989 Centurio,
570 1914 671 1996 quem
680 1906 828 1973 Nervico
840 1905 955 2000 praelio
969 1903 1197 2000 compluribus

120 2008 307 2079 confectum
339 2008 532 2079 vulneribus
561 1996 725 2078 (ιιιιιιιιιιι4
727 2024 790 2097 ,et
809 2014 889 2080 item
917 2013 956 2081 C.
981 2010 1196 2100 Volusenus,

34 2192 37 2199 ,
119 2115 281 2185 Tribunus
310 2114 475 2204 ιιιιιιιιιιιι,
492 2116 544 2183 vir
568 2129 602 2184 et
632 2062 759 2185 consilii
787 2118 901 2212 magni
923 2131 958 2186 et
984 2118 1137 2207 virtutis,
1155 2117 1197 2186 ad

122 2220 263 2291 Galbam
282 2236 463 2292 accurrunt
469 2236 589 2351 ,a5tque
607 2246 710 2291 unam
731 2246 803 2292 esse
819 2248 912 2319 spem
931 2222 1045 2293 salutis
1064 2223 1198 2312 docent,

120 2328 144 2394 si
156 2330 362 2423 ,eruptione
397 2314 525 2415 facta⁵,
546 2342 734 2399 extremum
764 2329 923 2399 auxilium
953 2332 1196 2424 experirentur.

119 2382 251 2529 ltique,
265 2437 459 2506 convocatis
477 2434 756 2523 Centurionibus,
769 2434 919 2505 celeriter
939 2434 1058 2505 milites
1080 2438 1197 2506 certio·

120 2566 167 2609 res
180 2541 275 2630 facit,
284 2542 477 2637 paulisper
468 2542 726 2611 intermitterent
735 2540 897 2635 praelium,
909 2566 949 2611 ac
963 2544 1197 2613 tantummodo

120 2645 181 2715 tela
195 2650 296 2717 missa
307 2651 513 2743 exciperent,
524 2672 623 2743 seque
638 2673 678 2717 ex
688 2646 803 2717 labore
817 2648 992 2719 reficerent
1001 2674 1008 2716 :
1017 2663 1109 2743 post,
1118 2648 1197 2718 dato

121 2755 231 2847 signo,
254 2780 294 2823 ex
317 2757 432 2826 castris
453 2769 683 2849 erumperent,
698 2769 798 2849 atque
818 2780 954 2825 omnem
970 2780 1064 2851 spem
1083 2754 1197 2827 salutis

121 2860 152 2927 in
171 2863 295 2931 virtute
313 2876 486 2957 ponerent.

169 2970 228 3037 Vl.
243 2968 346 3058 Quod
354 2969 437 3063 jussi
455 2984 549 3058 sunt,
561 2968 706 3057 faciunt,
720 2994 760 3040 ac
773 2971 884 3041 subito
899 2972 1054 3041 omnibus
1071 2969 1195 3067 portis¹

159 3188 184 3244 4.
203 3182 346 3236 Occurrere.
362 3180 502 3237 Advolare.
519 3183 560 3234 Al.
577 3202 634 3233 con·
721 3183 746 3235 3.
760 3184 792 3234 P.
805 3182 902 3236 Sextius
912 3183 1029 3235 Baculus.
1039 3183 1091 3236 Hic
1101 3184 1134 3235 ab
1146 3182 1198 3235 Eu·

122 3279 217 3315 currem.
233 3262 326 3315 Nostri
341 3261 419 3317 codd.
434 3282 563 3315 ooeurmre.
678 3262 769 3333 tropio
784 3264 906 3315 Pacuvius
920 3261 1028 3316 dicitur.

160 3341 184 3395 5.
200 3342 260 3395 Non
275 3344 345 3395 modo
357 3342 457 3410 defesso.
471 3341 504 3395 Id
514 3355 565 3407 est,
578 3360 635 3395 ιιοιι
720 3348 746 3404 4.
763 3343 887 3394 Dicimus.
899 3340 965 3394 Vid.
977 3361 1035 3414 sup.
1051 3343 1096 3405 Π,
1109 3360 1132 3394 c.
1151 3337 1196 3395 ιι.

123 3420 198 3473 modo
209 3440 266 3475 ιιοιι
281 3421 400 3489 defesso,
416 3435 466 3475 etc.
721 3421 746 3473 5.
756 3421 786 3474 Si
791 3425 914 3491 ereptione
914 3423 997 3488 sacta.
1009 3419 1197 3492 Quodpropo·

158 3501 221 3555 Cir.
238 3504 274 3554 V.
295 3520 319 3555 1.
337 3503 442 3558 Nostris.
458 3502 499 3554 Ita
513 3498 593 3555 codd.
608 3514 635 3555 et
677 3499 760 3553 eitum
774 3499 837 3553 duci
852 3500 996 3571 probatum
1006 3500 1152 3555 exercitum
1163 3498 1198 3552 ab

122 3578 583 3653 edd.1taquoqueVal.Maxim.v.
600 3600 633 3645 1,
678 3581 754 3633 omni
768 3580 889 3652 periculo
907 3580 1013 3632 exemit.
1036 3577 1198 3639 Laudandus

121 3672 167 3711 ext.
191 3662 215 3714 3.
242 3661 347 3715 Placuit
372 3661 483 3715 Heinsio
504 3679 635 3733 reponere
678 3658 1198 3731 Galba,quimodesteaapienterquetri·

122 3752 216 3793 nostros.
234 3740 297 3793 Non
312 3742 475 3807 male3nam
486 3758 528 3813 ap.
542 3759 634 3794 omnes
677 3740 813 3793 hunorum
844 3740 961 3793 consiliis
990 3740 1197 3810 obtemperans,

121 3815 215 3873 dicitur
229 3820 327 3891 vulgo,
338 3819 437 3890 deficere
452 3821 569 3893 aliquem,
586 3840 636 3873 non
678 3821 763 3892 culpae
773 3820 872 3892 prioris
882 3817 1011 3872 damnum
1020 3818 1199 3884 resarcit‚ne·

121 3896 196 3953 alicui.
211 3898 300 3953 Casan
315 3901 388 3971 ipse,
398 3901 473 3955 Bello
489 3900 547 3955 Cir.
564 3914 636 3973 arque
678 3918 730 3977 que
745 3914 834 3953 tamen
851 3899 956 3953 consilii
971 3911 1093 3952 auctores
1107 3897 1197 3951 debite

122 3978 179 4045 ipuos
201 3999 239 4031 res
255 3981 421 4047 frumentaria
442 3977 541 4049 deficere
556 3985 633 4051 coepit.
677 3979 757 4033 laude
773 3981 915 4033 frustratus
929 3991 977 4032 est.

122 4054 259 4129 vulgatam
274 4071 363 4113 tamen
377 4061 547 4115 retinuimus.
561 4073 563 4077 '
718 4060 784 4114 Cir.
797 4060 846 4113 VI.
862 4078 886 4112 1.
902 4058 1020 4112 Omnibus
1031 4062 1117 4129 portis.
1133 4057 1197 4113 Cre·

161 4139 325 4194 a.Perducta.
334 4138 448 4212 Scaliger
455 4140 569 4201 deducta,
579 4139 635 4205 siue
678 4136 727 4193 tris
748 4151 864 4211 quatuor
885 4151 961 4192 erant
981 4150 1074 4211 portae.
1091 4138 1196 4204 Prima,

122 4219 281 4273 auctoritate.
679 4219 828 4285 Praetoria,
854 4218 976 4291 proxima
1005 4215 1196 4290 pretorimd
