3000 5034
281 486 329 556 9²
419 460 478 529 C.
506 460 660 528 JULII
676 455 911 527 CAESARIS
938 458 1213 528 COMMENT.

282 618 385 688 quum
407 617 470 687 pro
489 618 523 662 se
545 592 699 687 quisque,
713 592 747 659 in
769 604 951 686 conspectu
966 591 1180 685 imperatoris
1200 591 1300 659 etiam
1322 591 1357 659 in

281 701 454 769 extremis
455 701 533 773 suis
562 699 662 768 rebus
673 722 843 793 ,operam
870 722 993 767 navare
1018 712 1201 792 cuperent,
1218 694 1357 791 paulurn

280 806 454 875 bostium
445 821 589 901 impetus
610 752 761 875 tardatus
782 818 841 873 est.

335 902 463 982 XXVI.
488 915 615 1001 Caesar,
635 936 738 1006 quum
766 913 940 1006 septimam
967 909 1154 1006 legionem,
1169 932 1243 1003 quae
1261 908 1360 1003 juxta

284 1020 496 1106 constiterat,
520 1021 599 1089 item
625 1020 737 1114 urgeri
763 1018 806 1087 ab
829 1018 925 1087 hoste
947 1017 1099 1105 vidisset,
1114 1016 1280 1085 Tribunos
1302 1016 1375 1084 mi'

284 1124 379 1194 litum
397 1126 544 1214 monuit,
562 1140 600 1194 ut
613 1125 772 1221 paulatim
794 1149 864 1194 sese
884 1122 1029 1219 legiones
1051 1122 1307 1218 conjungerent,
1325 1135 1361 1191 et

284 1256 447 1301 conversa
459 1231 570 1327 signa¹
583 1234 618 1300 in
632 1233 745 1301 hostes
759 1230 928 1301 inferrent
943 1232 1022 1321 Quo
1038 1231 1144 1319 facto,
1157 1255 1261 1324 quum
1276 1228 1361 1298 alius

285 1336 339 1405 alii
357 1337 540 1407 subsidium
558 1339 684 1409 ferrent
693 1336 833 1434 ²,neque
846 1340 1021 1426 timerent,
1032 1362 1075 1406 ne
1088 1338 1196 1409 aversi
1208 1336 1250 1403 ab
1262 1337 1361 1405 hoste

285 1445 624 1534 circumvenirentur,
644 1446 801 1517 audacius
829 1447 987 1515 resistere·
1005 1469 1044 1513 ac
1066 1444 1185 1513 fortius
1209 1466 1362 1538 pugnare

286 1567 467 1645 coeperunt.
486 1554 625 1621 Interim
647 1552 766 1621 milites
786 1550 956 1645 legionum
976 1551 1138 1639 duarum,
1154 1573 1228 1645 quse
1248 1550 1283 1616 in
1305 1573 1362 1618 no-

284 1658 420 1727 vissimo
433 1660 564 1753 agmine
577 1659 729 1754 praesidio
740 1658 983 1753 impedimentis
997 1657 1143 1744 buerant,
1152 1653 1266 1751 praelio
1279 1680 1363 1723 nun·

286 1766 390 1853 ciato,
403 1770 503 1847 cursu
524 1767 677 1852 incitato,
689 1766 723 1832 in
740 1788 871 1833 summo
892 1760 976 1833 colle
997 1764 1039 1832 ab
1059 1763 1211 1832 hostibus
1229 1764 1362 1857 conspi-

287 1870 468 1938 ciebantur.
491 1873 591 1939 EtT
612 1860 799 1958 Labienus,
814 1871 929 1939 castris
946 1870 1093 1940 hostiurn
1107 1871 1248 1965 potitus,
1265 1884 1301 1938 et
1320 1894 1363 1937 ex

287 1973 363 2044 loco
384 1978 655 2071 superiore,quae
677 1978 782 2046 resin
796 1978 917 2045 nostris
931 1978 1046 2046 castris
1065 1990 1269 2095 gererentur,
1281 2001 1361 2044 con·

288 2083 452 2176 spicatus,
467 2082 629 2151 decimam
654 2068 845 2179 legionem³
864 2082 1010 2155 subsidio
1032 2084 1154 2153 nostris
1176 2083 1273 2152 misit
1293 2083 1364 2173 Qui

288 2213 391 2282 quum
413 2214 454 2257 ex
475 2191 623 2308 equitum
642 2205 675 2259 et
692 2190 848 2259 calonum
859 2190 959 2285 fuga,
972 2216 1040 2285 quo
1055 2192 1089 2257 in
1106 2188 1181 2259 loco
1194 2214 1248 2257 res
1261 2204 1363 2278 esset,

289 2309 479 2389 quantoque
500 2297 541 2368 in
548 2295 703 2391 periculo
722 2312 757 2366 et
777 2311 884 2366 castra
905 2310 939 2366 et
960 2295 1105 2392 legiones
1122 2311 1157 2365 et
1175 2298 1382 2391 Imperator,

287 2417 492 2541 versarctqr‚
507 2405 759 2498 cognovissent,
772 2402 854 2473 nihil
876 2404 918 2473 ad
939 2403 1141 2474 celeritatem
1162 2402 1223 2471 sibi
1245 2401 1363 2497 reliqui

287 2497 473 2580 feceruntl.

343 2619 499 2686 XXVII.
523 2624 654 2688 Horum
689 2619 835 2687 adventu
870 2633 964 2687 tanta
985 2642 1109 2686 rerum
1145 2618 1365 2686 commutatio

291 2722 379 2791 facta
397 2738 463 2812 est,
477 2740 515 2794 ut
536 2726 660 2813 nostri,
676 2728 775 2793 etiam
797 2726 853 2819 qui
873 2724 1066 2793 vulneribus
1088 2724 1230 2793 confecti
1245 2749 1365 2818 procu·

291 2827 456 2917 buissent,
478 2832 578 2900 scutis
601 2832 719 2919 innixi,
740 2830 889 2925 praelium
916 2832 1196 2926 redintegrarent3
1214 2845 1286 2899 tum
1303 2855 1363 2899 ea-

291 2932 398 3021 lones,
408 2938 600 3029 perterritos
617 2937 729 3006 hostes
747 2939 1053 3032 conspicati,etiam
1071 2940 1213 3006 inermes
1228 2938 1365 3006 armatis

291 3057 527 3132 occurrerent,
546 3046 671 3138 equites
698 3069 797 3133 vero,
813 3059 851 3113 ut
876 3045 1115 3140 turpitudinem
1136 3045 1224 3139 fugae
1241 3045 1366 3112 virtute

291 3145 456 3236 delerent,
468 3151 623 3219 omnibns
642 3152 677 3219 in
699 3149 779 3222 locis
800 3176 977 3247 pugnas-se
1001 3151 1187 3247 legionariis
1207 3149 1366 3219 militibus

292 3254 487 3348 praeferrent
502 3254 533 3355 ’ᾗ
546 3258 590 3325 At
612 3257 745 3347 hostes,
764 3260 864 3327 etiam
890 3260 926 3327 in
954 3274 1101 3328 extrema
1129 3280 1187 3351 spe
1217 3256 1332 3325 salutis
1341 3255 1366 3345 ²,

334 3464 398 3521 Csr.
419 3467 521 3521 XXVI.
542 3487 567 3521 1.
589 3466 709 3523 Conversa
723 3474 806 3540 sigim,
850 3513 853 3520 ,
892 3470 957 3525 civ.
972 3470 1088 3524 XXVII.
1105 3488 1129 3522 1.
1145 3468 1262 3530 Omnibus
1279 3468 1364 3521 iulos.

294 3546 811 3621 etc.Collocatisordinibns,conjunctis·
849 3548 1367 3620 pugnaeseleg.militumproeserrent.Vul·

265 3670 267 3673 .
294 3644 346 3697 que
360 3626 462 3679 viribus
476 3627 545 3679 irent
556 3629 584 3680 in
596 3628 708 3681 hostem.
852 3648 895 3699 go,
903 3629 1010 3681 omnbus
1021 3630 1110 3680 inlocis
1117 3629 1268 3699 pugnabant,
1276 3647 1364 3700 quase,

337 3706 444 3759 2.Alius
452 3708 496 3759 alii
502 3707 631 3759 subsidium
635 3709 809 3776 ferrent.Vul·
852 3728 908 3776 non
932 3709 1000 3760 male
1023 3726 1138 3779 quoque.
1148 3740 1189 3751 -
1199 3710 1256 3779 Quo
1275 3728 1317 3769 se,
1334 3720 1367 3760 ut

292 3804 341 3857 go,
359 3788 414 3838 aliis
429 3788 480 3839 alii.
489 3787 562 3839 ¹Item
573 3788 636 3839 alius
647 3790 692 3841 alii
698 3790 784 3856 ser-ret.
852 3800 1007 3859 superarent
1024 3787 1182 3859 legionarios
1198 3786 1365 3841 fortitudine.

336 3866 361 3919 3.
379 3867 503 3937 Decimam
515 3868 637 3937 legionem.
652 3869 810 3922 Plutarchus
895 3887 921 3921 2.
937 3869 968 3920 In
986 3879 1091 3919 extrema
1108 3888 1149 3939 spe
1170 3870 1263 3922 salutis.
1284 3866 1367 3938 Spem

294 3943 360 3997 dicit
374 3946 535 3998 duodecimam
550 3966 559 3998 :
573 3947 647 4000 falso,
851 3943 896 3999 hic
905 3967 956 4018 pro
963 3946 1217 4020 desperationepoui
1224 3965 1366 4020 perperam

336 4030 362 4087 4.
372 4026 445 4079 Nihil
452 4026 488 4078 ad
496 4028 642 4079 celeritatem
652 4026 699 4080 sibi
709 4030 808 4096 rel.,fec.
852 4027 1264 4099 perhibetSchottus,obss.poet.
1271 4044 1309 4091 ιι,
1319 4028 1365 4079 36.

294 4104 383 4169 Quam
397 4107 511 4159 maxima
530 4108 662 4161 celeritate
677 4108 810 4180 progressi
852 4105 934 4162 Aliud
948 4108 1020 4162 enim
1040 4122 1079 4162 est
1092 4129 1159 4180 spes,
1173 4104 1247 4162 aliud
1261 4119 1366 4158 extrem

294 4196 371 4251 sunt,
385 4198 415 4238 ut
429 4186 483 4240 suis
497 4187 625 4241 auxilium
640 4190 748 4243 ferrent.
852 4207 916 4259 spes,
932 4186 1005 4244 aliud
1016 4190 1083 4246 nulls
1098 4209 1158 4260 spes.
1170 4187 1229 4241 Hoc
1239 4187 1299 4241 loco
1307 4204 1367 4239 nos·
