3000 5034
295 484 1375 521 mmmm-*mmmmm

298 671 306 683 “
413 640 416 644 ’
546 652 1123 775 olssnnrnrio
1226 610 1229 619 ’

349 915 754 1047 HENRICI
799 906 1314 1037 DODWELLI

304 1150 309 1159 ’
580 1173 695 1260 on
730 1168 1071 1259 lucrosa

306 1471 308 1475 ,
370 1418 467 1471 uum
488 1416 620 1469 OCTAVI
646 1416 694 1462 DE
722 1414 837 1461 BELLO
861 1414 1034 1479 estnec,
1057 1414 1101 1459 ET
1123 1412 1314 1483 Llunouunt

301 1526 349 1571 DE
371 1522 655 1587 nummum,
684 1504 866 1569 usmetun
895 1520 1012 1579 A‘I'QUE
1040 1520 1233 1567 HISPANICO
1256 1520 1381 1566 BELLO.

532 1710 1222 1755 Μῦν-ε’

302 1917 439 1985 Auctor
449 1911 595 2005 Prologi
610 1909 663 1978 ad
674 1907 795 1983 utrum
807 1905 852 1977 de
861 1910 958 1977 Bello
974 1909 1109 1978 Gallico
1124 1910 1231 1996 VIII,
1248 1914 1385 1981 Ht'rttiu

373 2075 377 2081 .
472 2111 475 2115 ¹
481 2015 731 2114 potuufuiise
750 2004 897 2101 videtur,
922 2038 1027 2109 quam
1041 2012 1194 2113 Oppius.

307 2220 369 2340 Si
387 2264 522 2361 qudem
535 2277 626 2331 recte
640 2261 764 2329 habeat
783 2258 876 2329 locus
898 2262 1047 2329 Suetonii
1058 2262 1147 2355 ,jain
1161 2277 1235 2330 tum
1248 2266 1385 2333 exstite-

304 2374 373 2440 rint
397 2384 531 2469 oportet
555 2369 631 2438 libri
649 2393 787 2455 omnes,
808 2392 891 2461 quos
913 2365 1088 2461 pollicetur
1111 2384 1228 2438 auctor
1249 2369 1388 2467 Prologi

302 2478 349 2547 ad
369 2477 491 2547 librum
509 2475 587 2545 belli
602 2474 721 2546 Gallici
743 2476 844 2543 VIII:
860 2474 1010 2543 nondum
1031 2489 1160 2563 autem,
1174 2492 1214 2545 ut
1233 2477 1387 2567 videtur,

304 2587 368 2654 sub
395 2586 531 2653 nomine
552 2582 630 2651 Julii
658 2581 772 2663 Celsi,
794 2580 851 2648 sed
879 2582 982 2675 Oppii
1012 2578 1173 2650 duntaxat
1197 2597 1231 2650 et
1256 2584 1386 2651 Hirtii:

305 2683 466 2785 erantque
481 2714 560 2759 sane
573 2686 673 2757 ambo
689 2683 734 2755 illi
749 2684 874 2757 Caesari
889 2688 968 2757 satis
985 2686 1171 2759 familiares.
1189 2692 1261 2760 Cur
1272 2704 1387 2761 autem

307 2798 420 2892 Oppio
441 2797 691 2882 tribuerentur,
712 2818 787 2863 eam
809 2818 945 2862 causam
966 2797 1045 2864 satis
1066 2795 1279 2865 verisimilem
1302 2798 1388 2866 milu'

305 2904 419 2971 videre
444 2902 587 2989 videor,
609 2900 700 2995 quod
725 2914 843 2969 auctor
870 2899 948 2991 ille,
974 2903 1174 2997 quicumque
1202 2903 1338 2971 demum
1359 2906 1388 2976 is

251 3037 267 3049 ·
307 3009 429 3096 fuerit,
449 3007 554 3079 Balbo
583 3006 762 3103 prologum
791 3031 888 3077 suum
917 3008 1131 3103 inscripserit.
1154 3010 1261 3079 Erant
1296 3012 1387 3081 enim

307 3140 387 3185 sane
400 3118 532 3210 Oppius
548 3130 648 3209 atque
662 3114 785 3185 Balbus
802 3115 1044 3184 necessitudine
1059 3115 1295 3211 aliqua,qsmm
1312 3142 1388 3187 nes-

307 3224 413 3290 cImus
429 3277 439 3311 ,
458 3236 498 3290 ut
518 3222 676 3309 videtur,
696 3224 840 3289 invicem
862 3222 1124 3315 conjunctissimi
1147 3248 1155 3291 :
1178 3222 1264 3291 forte
1284 3222 1390 3294 officii

306 3326 445 3423 alicujus
474 3354 597 3417 causa,
619 3330 790 3422 utriusque
818 3336 906 3397 curae
928 3354 949 3398 a
969 3331 1101 3399 Caesare
1130 3330 1254 3401 crediti.
1286 3332 1389 3401 Certe

306 3427 440 3529 utrique
461 3437 637 3531 inscriptas
666 3433 844 3512 nonnullas
864 3434 1018 3529 epistolas
1045 3438 1185 3506 Caesaris
1206 3438 1389 3527 lrabemus,

307 3542 473 3635 hodieque
488 3545 524 3610 in
537 3542 623 3610 libro
641 3542 867 3611 Ciceronis'ad
881 3544 1029 3611 Atticum
1042 3546 1103 3611 IX.
1116 3546 1161 3614 Et
1169 3540 1273 3613 libros
1286 3543 1388 3614 fuisse

304 3648 522 3743 epistolarum
543 3648 586 3717 ad
604 3662 803 3743 utrumque,
822 3649 920 3717 docet
938 3647 1084 3739 Gellius,
1095 3650 1134 3719 L.
1151 3650 1263 3721 XVII.
1282 3652 1386 3721 Noct.

307 3749 406 3839 llttic.
427 3780 499 3850 cap.
520 3780 562 3851 9,
577 3758 634 3849 qui
654 3757 817 3825 rationem
840 3755 952 3843 addit,
967 3756 1058 3850 quod
1078 3782 1131 3825 res
1145 3758 1220 3850 ejus
1242 3757 1388 3827 absentis

306 3877 473 3930 curarent.
490 3864 633 3930 Litteras
647 3886 795 3949 curasse,
809 3861 907 3930 docet
920 3864 1027 3932 Cicer.
1042 3863 1084 3931 ad
1098 3865 1214 3953 Quint.
1229 3863 1270 3933 fr.
1286 3888 1338 3959 ep.
1357 3888 1387 3933 r.

309 3969 352 4037 Se
370 3983 481 4041 autem
499 3967 586 4038 bello
608 3966 832 4037 Alexandrino
853 3983 952 4063 atque
972 3969 1131 4039 Africano
1150 3970 1317 4057 abfuisse,
1339 3968 1388 4039 lu-

307 4074 390 4143 bens
411 4077 563 4168 agnoscit
587 4075 722 4170 Prologi
748 4090 875 4145 auetor.
899 4076 966 4145 Sed
991 4076 1141 4146 absentia
1162 4076 1217 4145 illa
1245 4077 1388 4148 cesaris
