3000 5034
260 450 330 517 DE
358 449 533 518 BELLO
560 448 808 517 GALLICO.
838 450 932 518 LIB.
961 449 1012 517 IL
1128 446 1178 545 95

150 582 264 649 XXX.
286 582 337 650 Ac
368 582 478 676 primo
506 579 652 649 adventu
674 582 837 650 exercitus
858 583 963 651 nostri
985 583 1118 651 crebras
1141 607 1199 653 ex·

108 687 222 783 oppido
253 688 467 757 excursiones
500 685 685 775 faciehant,
709 686 922 783 parvulisque
952 686 1072 782 praeliis
1103 682 1183 759 cuni

108 796 220 864 nostris
248 793 524 863 contendebant:
547 808 663 889 postea
684 794 772 867 vallo
799 795 923 890 pedum
945 797 1013 863 XII
1025 793 1047 883 ¹,
1062 798 1096 864 in
1119 797 1182 865 cir·

109 903 189 970 cuitu
203 904 274 970 XV
283 900 447 988 millium,
465 899 656 995 crebrisque
678 900 819 971 castellis
840 904 1104 991 circummuniti,
1122 928 1182 997 op·

109 1006 176 1102 pido
198 1032 272 1077 sese
287 1007 512 1077 continebant.
528 1007 616 1097 Ubi,
631 1009 735 1077 vineis
751 1010 849 1097 actis,
862 1033 983 1103 aggere
995 1024 1194 1100 exstructo,

110 1112 242 1184 turrim²
267 1113 387 1209 procul
419 1115 585 1183 constitui
600 1114 775 1204 viderunt,
794 1117 940 1209 primum
974 1114 1112 1185 irridere
1144 1140 1186 1185 ex

110 1246 220 1309 muro,
235 1236 337 1315 atque
348 1221 546 1315 increpitare
562 1222 718 1309 vocibus,
733 1247 800 1315 quo
818 1236 911 1298 tanta
923 1222 1126 1292 machinatio
1142 1222 1186 1291 ab

110 1343 195 1397 tanto
217 1328 326 1423 spatio
348 1312 621 1411 institueretur&
637 1328 835 1423 quibusnam
857 1326 1025 1417 manibus,
1040 1344 1099 1401 aut
1119 1331 1187 1423 qui·

111 1434 163 1503 bus
190 1435 341 1522 viribus,
356 1435 539 1528 praesertim
569 1434 722 1503 homines
753 1433 895 1509 tantula
920 1447 1070 1523 statura,
1083 1427 1186 1524 (nam

111 1539 302 1635 plerumque
316 1527 527 1623 bominibus⁴
546 1540 662 1629 Gallis,
677 1566 745 1636 prae
758 1540 987 1635 magnitudine
1006 1568 1187 1636 corporum

112 1671 259 1737 suorum,
271 1647 417 1717 brevitas
433 1646 548 1729 nostra
558 1649 766 1742 contemptui
776 1641 840 1738 est)
850 1650 933 1717 tanti
943 1650 1053 1717 oneris
1068 1648 1187 1717 turrim

112 1754 139 1821 in
158 1739 376 1824 muros⁵sese
398 1751 562 1831 collocare
583 1752 814 1823 confiderent?

156 1863 289 1929 XXXI.
313 1860 383 1930 Ubi
404 1858 485 1929 vero
510 1862 646 1939 moveri
669 1876 702 1931 et
732 1861 1188 1956 appropinquaremoenibus

114 1966 283 2055 viderunt,
296 1992 385 2035 nova
415 1981 514 2060 atque
544 1968 700 2047 inusitata
731 1971 841 2063 specie
867 1969 1047 2055 commoti,
1063 1966 1195 2062 legatos

113 2073 149 2141 ad
172 2076 343 2144 Caesarem
372 2073 413 2142 de
444 2098 527 2167 pace
562 2075 742 2163 miserunt,
763 2076 839 2169 (qui,
858 2074 901 2143 ad
928 2075 1018 2145 bunc
1050 2074 1189 2145 modum

114 2177 226 2256 locuti:
242 2210 260 2245 r<
278 2183 358 2261 Non
372 2206 407 2249 se
422 2181 608 2259 existimare
619 2178 642 2268 ¹,
655 2183 827 2258 Romanos
841 2183 911 2251 siue
920 2183 1107 2277 ope'divina
1120 2180 1189 2249 bel·

114 2283 176 2361 lum
190 2312 328 2382 gerere,
343 2288 400 2381 qui
416 2300 515 2356 unte
532 2285 712 2356 altitudinis
725 2287 987 2361 machinationes
1003 2302 1097 2357 tauta
1112 2287 1193 2375 cele·

114 2394 203 2461 ritate
213 2418 415 2488 promovere
426 2384 474 2482 [et
486 2417 526 2476 cir
539 2395 786 2487 propinquitate
795 2385 976 2488 pugnare²]
989 2408 1142 2488 possent:
1156 2419 1191 2462 se

114 2524 234 2595 suaque
248 2502 361 2571 omnia
376 2523 492 2570 eorum
508 2500 663 2595 potestati
678 2502 888 2593 permittere,
900 2499 1063 2568 dixerunt.
1074 2502 1192 2569 Unum

115 2622 224 2700 petere
245 2632 286 2677 ac
308 2607 502 2701 deprecari:
519 2607 545 2674 si
563 2605 668 2695 forte,
684 2632 747 2701 pro
766 2632 825 2675 sua
846 2604 1076 2682 clementinae
1098 2630 1200 2674 man·-

116 2714 305 2802 suetudine,
325 2738 425 2809 quam
447 2714 510 2807 ipsi
531 2713 573 2781 ab
600 2711 670 2781 aliis
692 2713 866 2801 audirent,
890 2712 1075 2801 statuisset,
1095 2713 1195 2780 Atua-

116 2832 205 2889 tucos
241 2846 312 2889 esse
347 2819 615 2908 conservandos,
634 2845 676 2887 ne
702 2845 737 2889 se
768 2823 867 2889 armis
895 2813 1115 2914 despoliaret:
1133 2819 1195 2887 sibi

116 2950 229 2995 omnes
258 2926 328 2997 fere
359 2926 518 2996 finitimos
545 2952 616 2995 esse
638 2928 789 2997 inimicos
815 2952 864 3011 ao„
881 2952 949 2999 suae,
974 2926 1090 2999 virtuti
1110 2926 1195 2996 invi·
1274 2921 1299 2965 ¹¹

117 3030 191 3101 dere
202 3060 211 3121 3
223 3058 244 3101 a
255 3032 378 3127 quibus
401 3059 435 3103 se
455 3032 653 3121 defendere,
666 3034 793 3102 traditis
814 3036 934 3122 armis,
947 3058 1016 3101 non
1033 3047 1169 3127 possent
1186 3059 1200 3120 :¹

118 3138 185 3206 sibi‘
200 3155 379 3234 praestare,
401 3142 428 3208 si
449 3141 483 3207 in
509 3133 586 3208 eum
613 3164 727 3209 casum
750 3140 1018 3228 deducerentur,
1038 3130 1196 3235 ⁴quamvis

119 3242 285 3315 fortunam
309 3271 329 3321 a
350 3244 479 3341 Populo
502 3248 657 3314 Romano
680 3248 884 3341 pati,quam
905 3246 949 3324 ab
970 3246 1022 3316 his
1044 3272 1105 3339 per
1125 3272 1198 3315 cru·

120 3352 238 3421 ciatum
261 3352 423 3441 interfici,
439 3354 526 3422 inter
544 3378 628 3446 quos
650 3352 813 3422 dominari
835 3365 1059 3422 consuessent
1083 3381 1101 3417 »

159 3561 222 3615 Cae.
238 3564 328 3616 XXX.
354 3582 377 3615 1.
388 3562 463 3614 Vallo
479 3561 567 3633 pedum
583 3580 634 3614 ιιι.
680 3574 706 3615 at
721 3579 797 3636 grac.
813 3562 925 3636 interpr.
938 3559 1055 3622 ποὶλᾶκις
1067 3563 1088 3614 οἱ
1099 3564 1198 3617 runa.

121 3638 181 3693 seit.
201 3642 229 3693 in
245 3641 424 3695 altitudinem.
446 3642 518 3695 Male
543 3641 636 3695 Oberl.
722 3632 792 3694 5'.1n
805 3661 892 3693 muros.
905 3639 939 3702 Id
949 3642 1197 3714 aet,ju1tamuros.

122 3717 188 3772 dixit
194 3720 325 3777 addidisse
333 3723 389 3773 haec
402 3722 512 3793 interpr.
524 3740 563 3793 gr.
574 3741 637 3773 nam
721 3722 786 3775 Cir.
798 3722 898 3775 XXXI.
913 3741 937 3774 1.
949 3721 1007 3774 Nou
1017 3742 1042 3774 se
1054 3725 1198 3775 existimare.

122 3798 150 3851 in
163 3803 259 3855 uostris
271 3800 351 3854 codd.
364 3800 468 3855 adsunt.
474 3800 538 3854 Vid.
551 3822 573 3855 c.
591 3802 616 3855 5.
682 3801 714 3854 Se
728 3802 861 3853 omittitur
875 3802 904 3853 in
916 3802 1008 3854 multis
1021 3800 1099 3854 codd.
1111 3802 1200 3874 ellipsi

165 3899 190 3933 a.
209 3880 315 3934 Turrim.
333 3882 373 3933 De
388 3900 439 3953 qua
455 3900 550 3953 supra;
563 3884 639 3952 cujus
681 3894 815 3939 consueta,

123 3957 184 4011 vide
190 3972 350 4013 structuram
358 3980 399 4033 ap.
408 3964 474 4033 Veg.
482 3959 500 4013 l.
510 3978 551 4025 rr,
558 3980 581 4013 c.
593 3954 638 4015 1'6.
714 3980 738 4013 a.
748 3962 774 4013 E
776 3973 788 4012 t
794 3982 825 4013 ec
827 3964 1007 4033 propinquitate
1008 3980 1129 4033 pugnare.
1137 3961 1202 4015 Haec

167 4040 191 4091 3.
208 4040 382 4093 Institueretur.
398 4042 439 4093 Al.
456 4042 619 4094 instrueretur.
641 4038 647 4048 '
683 4041 765 4095 verba
781 4060 796 4091 a
811 4040 902 4104 multis
916 4039 995 4101 codd.
1012 4041 1125 4107 absunt,
1135 4056 1201 4110 teste

167 4124 193 4181 4.
204 4120 346 4191 Plerumque
356 4121 496 4173 hominibus.
508 4121 549 4173 Al.
554 4122 642 4191 pleris-
685 4118 811 4181 Oudend.
826 4120 874 4173 Gr.
886 4132 975 4181 tamen
987 4121 1099 4195 interpr.
1108 4134 1135 4191 et
1142 4142 1203 4186 uqa·

124 4216 179 4267 que.
192 4200 259 4253 Item
272 4202 306 4254 al.
316 4202 423 4255 omnihus
434 4220 484 4273 pro
495 4200 642 4265 hominum
685 4213 726 4253 ter
739 4198 800 4256 eod.
820 4200 895 4270 5764
912 4199 1020 4255 habeut.
