3000 5034
220 476 222 479 ’
305 460 377 545 184
459 456 1228 562 C.IUL'II'CAESARISJCOMMENT.

299 608 357 662 aut
375 618 455 680 aere,
468 606 526 659 aut
538 589 667 659 annulis
684 590 864 678 ferreis,ad
877 604 1006 659 certum
1017 590 1149 684 pondus
1163 590 1376 680 examinatis,

298 722 366 794 pro'
383 683 549 767 nummoi.
569 698 727 767 Nascitur
746 698 792 765 ibi
814 694 989 791 plumbum
1011 696 1143 765 album⁷
1163 698 1197 764 in
1214 696 1371 765 mediter·

297 807 406 875 rancis
433 806 638 900 regionibus,
659 805 694 872 in
719 803 892 871 maritimis
914 802 1059 889 ferrum3
1080 802 1231 931 scd-epus
1244 805 1373 897 exigua

297 926 348 981 est
376 914 472 1007 copia
499 936 506 978 :
531 931 595 979 aere
614 924 769 979 ’utuntur
791 911 986 1003 importato.
1018 911 1172 977 Materia,
1209 910 1371 1003 cujusque

298 1021 444 1113 generis,
461 1032 499 1086 ut
525 1019 560 1085 in
587 1015 712 1104 Gallia,
734 1030 799 1103 est,
817 1030 938 1109 praeter
959 1015 1369 1110 fagumatqueabietem.

297 1126 480 1217 Leporem,
493 1138 527 1193 et
540 1121 711 1217 gallinam,
721 1137 756 1190 et
770 1121 1084 1217 anserem'gustare,
1094 1122 1142 1191 fas
1157 1146 1224 1191 non
1234 1136 1384 1216 putantp

296 1230 368 1299 haec
390 1246 503 1299 tamen
525 1227 618 1298 alunt
645 1230 745 1297 animi
772 1227 1016 1323 voluptatisque
1042 1253 1149 1297 causa.
1177 1231 1269 1297 Loca
1287 1242 1374 1297 sunt

296 1339 548 1431 temperatiora,
567 1360 670 1431 quam
691 1338 726 1404 in
748 1334 873 1423 Gallia,
895 1336 1134 1404 remissioribus
1161 1334 1372 1429 frigoribusi.

350 1446 446 1511 XIII.
473 1442 588 1511 Insula
611 1457 731 1511 natura
753 1440 948 1535 triquetra¹,
970 1442 1063 1535 cujus
1084 1466 1198 1510 unum.
1212 1440 1298 1510 latus
1320 1456 1371 1511 est

297 1564 414 1619 contra
436 1548 720 1643 Galliam.·‘Hujus
746 1546 858 1617 lateris
884 1546 967 1616 alter
987 1546 1148 1641 angulus,
1171 1548 1226 1641 qui
1249 1564 1301 1617 est
1326 1548 1370 1617 ad

296 1658 471 1745 Cantium,
489 1682 556 1750 quo
583 1656 652 1724 fere
674 1679 790 1725 omnes
812 1680 857 1723 ex
883 1652 990 1724 Gallia
1012 1653 1369 1749 navesappelluntur,

337 1847 807 1919 6.lstuntur...pronummo.Hocloco,
851 1834 1367 1918 minegeneraliillcv,latineverotalea

295 1928 364 1981 mira
382 1928 504 1980 lectionis
525 1927 637 1980 varietas
656 1927 733 1981 inest.
754 1926 808 1978 Alii
851 1924 965 1991 dicitur,
986 1927 1078 1997 gallice
1100 1926 1205 1979 bouture.
1227 1926 1287 1980 Hoc
1306 1929 1367 1980 loco

293 2008 399 2077 legunt:
414 2008 520 2059 Utuntur
530 2020 607 2059 autem
614 2026 674 2067 cere,
685 2018 729 2057 aut
738 2025 808 2057 niun·
851 2007 1047 2073 talecmserream
1057 2007 1225 2077 interpretari
1234 2008 1320 2077 possis
1328 2007 1366 2059 la·

295 2107 347 2149 mo,
366 2098 410 2137 aut
426 2087 481 2140 aliis
496 2089 593 2154 scamis.
618 2086 687 2151 Alii,
709 2098 809 2138 utuntur
850 2086 1366 2157 minamferreamoblongamettenuem,

294 2178 434 2231 cutoereo,
451 2178 507 2229 aut,
526 2178 569 2219 etc.
592 2166 661 2231 Alii,
674 2186 734 2219 auro
756 2184 807 2238 pro
849 2165 891 2218 rel
913 2166 1045 2237 virgulam
1065 2166 1177 2219 ferream
1202 2164 1236 2217 ad
1261 2180 1367 2219 certum
1390 2177 1392 2180 '

221 2298 222 2303 ,
294 2265 365 2297 oereo.
376 2246 444 2310 Alii,
453 2258 497 2297 aut
504 2246 600 2297 annulis
604 2248 699 2313 ferreis.
714 2246 756 2298 Al.
764 2258 809 2296 aut
849 2244 955 2317 pondus
967 2245 1154 2310 examinatam,
1164 2264 1219 2318 qua
1226 2258 1366 2300 uterentur

294 2324 382 2377 lanceis
391 2327 487 2392 ferreis.
504 2326 546 2379 AI.
567 2338 611 2377 aut
632 2326 701 2378 taleis
709 2327 806 2393 flemis.
850 2325 971 2378 Britanni
983 2344 1034 2397 pro
1048 2344 1167 2378 nummo.
1179 2327 1220 2377 Ita
1230 2326 1366 2379 habebant

263 2420 269 2429 ¹
291 2404 410 2459 Faernus
431 2406 526 2458 uminu
540 2407 637 2473 ferreis.
660 2408 684 2459 A
702 2403 807 2459 duobus
850 2418 877 2459 et
885 2406 969 2459 frusta
977 2406 1036 2458 'aeria
1050 2425 1101 2477 pro
1116 2405 1241 2458 numinis.

292 2482 372 2538 codd.
381 2487 476 2537 absunt
487 2506 534 2557 pro
547 2506 649 2538 nummo.
662 2486 822 2547 oberlinua
891 2505 918 2555 7.
938 2486 1056 2539 Nascitur
1076 2485 1110 2537 ibt
1120 2485 1247 2556 plumbum
1272 2486 1363 2539 album.

291 2578 396 2617 secutus
412 2578 534 2635 estgraec.
545 2566 656 2637 interpr.
666 2562 806 2627 leucolla:
849 2566 997 2631 Stannum,
1015 2566 1180 2635 κασσίτερος,
1200 2565 1230 2616 de
1255 2566 1361 2629 l'e'taln,

291 2640 437 2714 cllupucic,
456 2656 486 2697 ut
511 2646 565 2697 sint
590 2645 683 2697 annuli
708 2646 805 2711 ferrei,
848 2644 900 2697 Adi
915 2646 984 2697 Plin.
1000 2645 1035 2697 H.
1051 2645 1198 2711 N.l.1v‚c.
1216 2647 1260 2698 16.

291 2724 395 2775 nummi
413 2722 447 2775 ad
472 2724 587 2795 effigiem
606 2722 688 2777 efficti
711 2742 805 2777 eorum
890 2728 916 2780 8.
924 2725 1040 2777 Materia.
1054 2725 1185 2791 Arbores,
1197 2725 1314 2777 frutices.
1322 2726 1361 2777 Μ.

291 2804 389 2874 quibus
404 2814 517 2855 utuntur
536 2804 766 2868 Chinenses‚ubi‚
782 2806 805 2858 si
890 2824 916 2872 9.
932 2804 1112 2856 Remissioritus
1119 2804 1263 2874 frigoribus.
1275 2806 1361 2859 Tacit.

291 2900 350 2952 qua
364 2882 475 2935 interius
489 2880 617 2953 quadrata
626 2882 711 2935 forma
721 2885 804 2937 exeis·
848 2883 941 2936 scribit
955 2884 1051 2936 coelum
1063 2884 1242 2937 britannicum
1261 2886 1363 2937 crebris

290 2978 318 3013 sa
334 2974 410 3027 eunt,
431 2961 464 3014 ad
481 2960 630 3015 'rotundam
647 2963 805 3017 exteriorem
848 2959 996 3025 imbribus(
1001 2960 1252 3035 pruinislioedum-;
1263 2963 1310 3017 sed
1321 2983 1362 3017 as·

289 3039 403 3093 somnam
410 3039 521 3111 redigas,
528 3042 609 3095 habes
616 3043 708 3094 annuli
714 3062 805 3113 quam·
847 3042 986 3112 peritatem
1002 3044 1131 3114 frigorum
1147 3045 1244 3096 abesse.
1260 3042 1363 3098 Eadem

289 3116 351 3171 dam
363 3121 477 3192 speciem
489 3112 537 3187 ᾧ).
550 3120 602 3174 Sed
616 3123 668 3175 huc
682 3142 757 3175 mera
763 3124 804 3177 vi·
846 3134 875 3173 et
887 3121 968 3175 hodie
978 3123 1037 3176 coeli
1049 3123 1144 3194 anglici
1153 3124 1301 3194 temperies.

288 3197 368 3252 detur
390 3202 549 3272 conjectura.
572 3202 664 3255 Malim
684 3204 740 3253 talis
751 3206 805 3269 ser·
846 3231 852 3240 ·
887 3202 952 3255 cn».
969 3204 1046 3256 XIII.
1066 3222 1090 3255 1.
1113 3204 1197 3255 Insula
1212 3216 1300 3255 natura
1316 3207 1360 3254 tri-

289 3282 347 3341 reis,
358 3290 388 3332 ut
400 3280 508 3351 conjicit
519 3282 641 3347 Vossius,
651 3295 697 3335 aut
708 3283 803 3334 laminis
846 3294 938 3353 quatra.
955 3284 996 3335 Ex
1012 3284 1062 3335 hac
1078 3295 1202 3335 accurata
1216 3283 1361 3336 Britanniae

283 3360 385 3425 seri-eis,
403 3373 434 3412 ut
445 3360 503 3412 vult
518 3361 643 3414 Faernus.
658 3362 750 3415 Nostri
756 3380 802 3414 co·
846 3359 1025 3433 descriptione
1032 3363 1140 3414 fuerunt
1150 3363 1198 3433 qui
1205 3364 1360 3433 colligerent

288 3436 360 3492 dices
376 3440 467 3509 5763,
481 3441 572 3511 5764:
583 3454 681 3493 utuntur
688 3454 733 3491 aut
741 3462 801 3509 (εκ,
844 3440 925 3494 hosce
933 3442 1144 3495 Commentarios
1158 3461 1214 3494 non
1231 3462 1286 3496 esse
1301 3443 1359 3495 Cae-

287 3531 333 3569 aut
350 3538 446 3571 nummo
465 3539 539 3583 uteo,
556 3532 600 3573 aut
618 3522 686 3572 taleis
698 3522 802 3589 senen,
845 3522 922 3587 saris,
934 3541 1005 3587 curn,
1012 3522 1064 3575 nisi
1079 3521 1192 3575 Claudio
1202 3522 1359 3593 imperante,

286 3598 726 3671 adcermmpoudusexaminutum
735 3620 802 3653 num·
844 3619 899 3653 non
914 3602 1063 3655 constiterit
1070 3616 1162 3654 utrum
1171 3603 1252 3654 fuerit
1263 3601 1358 3666 insula,

236 3688 237 3693 ’
285 3678 429 3744 ῃιο.“·ουἱά
449 3698 516 3733 vero
542 3680 595 3731 sint
617 3681 690 3733 taleae
709 3681 801 3735 lerreae
843 3700 945 3733 necne.
960 3680 1024 3733 vid.
1035 3682 1356 3752 Dion.l.mrx,p.114.

285 3756 417 3811 incertum
424 3771 471 3812 est.
481 3758 557 3810 Talea
566 3760 675 3831 proprie
685 3760 800 3814 frustum
843 3772 870 3814 et
878 3761 961 3813 Tacit.
979 3760 1008 3813 in
1023 3762 1111 3832 Agric.
1128 3780 1151 3815 c.
1173 3779 1215 3813 ro.
1234 3760 1287 3813 Sed
1300 3761 1357 3813 hacc

283 3835 349 3908 ligni
364 3839 504 3909 praecisum
525 3857 556 3891 ex
577 3852 688 3911 utraque
708 3853 799 3911 parte,
843 3858 875 3892 ex
890 3839 959 3893 sama
979 3838 1075 3893 didicit
1095 3843 1197 3906 Caesar,
1213 3854 1244 3893 ut
1263 3852 1290 3892 et
1311 3839 1357 3892 illa

269 3911 315 3968 'ut
329 3918 358 3968 in
368 3930 437 3971 terra
447 3918 585 3971 inseratur.
596 3919 714 3973 Praecisis
726 3921 800 3973 enim
842 3938 901 3990 quac
908 3919 942 3972 de
948 3920 1121 3973 interioribus
1129 3921 1264 3973 Britannis
1276 3918 1356 3984 dicit;

282 3996 370 4065 lignis,
377 3998 419 4049 vel
428 3997 517 4069 pedali
524 3999 567 4051 vel
574 4000 684 4053 cubitali
694 4001 798 4071 magni·
841 4018 904 4051 nam
925 3999 959 4053 ad
979 4019 1024 4053 eos
1042 4019 1181 4071 nunquam
1195 3997 1355 4071 penetravit.

283 4074 534 4139 tudine‚nonnullae
543 4080 797 4146 arboreesemmtur3
840 4080 971 4133 Praeterea
984 4098 1040 4132 non
1056 4079 1121 4133 adeo
1132 4092 1253 4133 accurata
1260 4075 1356 4133 estde-

283 4152 364 4226 idque
375 4156 478 4228 lignum
492 4160 632 4230 precisum
646 4178 732 4231 gracco
746 4178 796 4213 no·
840 4156 1355 4231 scriptio,quinsiteicontradiceudum:
