3000 5034
245 453 550 525 ,DE'BELLO
584 452 1033 527 Gattrcotln'lt
1143 488 1190 561 77
1291 551 1293 556 Ι

13 612 15 679 g
114 600 239 656 tremas
267 587 375 656 fossas
403 584 537 655 castella
562 586 750 674 constituit,
768 587 879 682 ibique
905 593 1192 665 tormenta-collo·

13 690 14 775 f
114 694 222 781 cavit,
238 718 303 781 ne,
318 717 423 787 quum
445 694 549 762 aciem
569 694 794 782 instruxisset,
811 694 943 784 hostes,
956 698 1051 790 quod
1062 714 1192 771 tantum

114 798 349 869 multitudine
345 813 536 895 poterant,
553 799 595 867 ab
622 798 779 869 lateribus
805 818 1003 896 pugnantes
1021 829 1099 874 suos
1129 809 1199 880 cir·¹

115 908 311 975 cumvenire
343 919 488 1000 possent
519 908 594 984 Hoc
622 904 728 993 facto,
735 905 872 977 duabus
891 907 1095 1028 legionibus,
1110 938 1191 1007 quas

115 1013 268 1104 proxime
290 996 566 1107 conscripseratffi
574 1012 609 1079 in
624 1012 889 1100 castrisrclictis,
900 1030 939 1083 ut
946 1017 1071 1110 ,siqua
1085 1018 1192 1113 opus⁹

116 1132 219 1205 esset,
234 1118 383 1187 subsidio
396 1116 476 1186 duci
487 1130 639 1235 possent,
655 1115 799 1210 reliquas
813 1143 870 1187 sex
879 1065 1030 1240 legiones
1043 1148 1115 1218 pro
1110 1150 1192 1195 cas·

115 1225 172 1292 tris
192 1226 229 1291 in
251 1226 324 1293 acie
346 1224 525 1303 constituit.
547 1226 669 1291 Hostes
687 1224 770 1291 item
789 1244 866 1293 suas
888 1229 1000 1321 copias
1017 1252 1059 1297 ex
1077 1234 1192 1301 castris

116 1329 253 1399 eductas
276 1330 508 1401 instruxerant.

164 1438 228 1504 IX.
242 1434 354 1504 Palus
358 1448 432 1503 erat
449 1458 517 1502 non
531 1456 653 1527 magna
666 1433 753 1505 inter
767 1449 919 1519 nostrum
932 1454 1033 1533 atque
1045 1442 1192 1513 hostium

115 1542 308 1643 exercitum.
322 1542 465 1609 Hanc
440 1565 467 1609 sr
482 1541 586 1609 nostri
597 1543 795 1629 transirent,
806 1543 918 1613 hostes
933 1549 1194 1667 exspectabant:

115 1649 220 1717 nostri
242 1662 374 1736 autem,
393 1672 419 1715 s1
412 1646 482 1714 ab
502 1644 595 1715 illis
586 1648 715 1716 mitium
738 1650 930 1725 transeundi
943 1650 1063 1741 fieret,
1081 1669 1120 1724 ut
1135 1657 1192 1724 im·

115 1754 245 1847 peditos
268 1750 539 1849 aggrederentur,
554 1755 661 1847 parati
673 1756 707 1821 in
718 1756 833 1825 armis
837 1770 940 1825 erant.
954 1706 1092 1828 Interim
1106 1785 1191 1861 prae·

92 1858 156 1928 lio
179 1861 337 1955 equestri
356 1862 453 1928 ⁴inter
478 1859 561 1928 duas
582 1860 667 1928 acies
695 1861 968 1936 contendebatur.
991 1866 1060 1935 Ubi
1081 1870 1191 1937 neutri

116 1965 312 2037 transeundi
340 1965 470 2034 initium
501 1964 646 2053 faciunt,
662 1967 856 2037 secundiore
886 1970 1055 2063 equitum¹
1077 1973 1191 2067 praelio

116 2074 249 2161 nostris,
264 2076 377 2142 Caesar
395 2096 472 2141 suos
492 2072 527 2139 in
548 2086 656 2141 castra
676 2072 816 2143 reduxit
838 2078 960 2145 Hostes
977 2079 1129 2170 protinus
1150 2094 1192 2149 e'x

116 2204 153 2247 eo
174 2178 255 2249 loco
269 2180 320 2248 ad
341 2180 466 2248 flumen
483 2178 637 2247 Axonam
651 2180 914 2269 contenderunt,
925 2182 1014 2276 quod
1029 2208 1101 2253 esse
1115 2202 1192 2280 post
1210 2274 1212 2279 ³

117 2301 231 2356 nostra
254 2300 363 2355 castra
384 2285 646 2353 demonstratum
668 2300 718 2353 est
730 2284 751 2352 ².
767 2286 820 2354 lbi
834 2287 928 2356 vadis
943 2292 1192 2386 repertis,v-par·

117 2407 181 2461 tem
205 2414 345 2461 suarum
366 2393 537 2487 copiarum
555 2389 769 2461 transducere
787 2394 898 2460 conati
914 2410 992 2462 sunt
1001 2421 1068 2481 ;·eo
1083 2401 1190 2467 consi·

116 2496 159 2568 lio
169 2514 257 2588 ,·ut,
272 2500 300 2568 si
321 2512 474 2593 possent,-
487 2496 675 2585 castellum,
689 2499 742 2565 cui
763 2513 904 2592 praeerat
918 2502 960 2589 Q.
971 2503 1116 2571 Titurius
1127 2507 1190 2571 Le-

118 2618 233 2724 gatus,
250 2618 497 2700 expugnarent,
518 2618 721 2699 pontemque
742 2604 1031 2701 interscinderent3
1043 2609 1069 2675 si
1082 2610 1191 2679 minus

117 2712 317 2831 potuissent,
327 2736 425 2806 agros
435 2713 619 2779 Remorum
630 2709 881 2805 popularentur,
890 2715 946 2807 qui
958 2738 1081 2808 magno
1096 2715 1192 2785 nobis
1283 2808 1287 2816 Ι

118 2820 196 2887 usui
214 2817 259 2886 ad
285 2816 410 2886 bellum
440 2817 631 2912 gerendum
649 2831 744 2886 erant
753 2835 1050 2915 ,commeatuque
1059 2838 1191 2892 nostros

118 2909 371 3018 prohiberentl
444 2942 446 2951 ’

168 3033 212 3099 X.
230 3026 376 3117 Caesar¹,
391 3029 512 3117 certior
527 3029 633 3099 factus
648 3029 689 3097 ab
701 3032 846 3120 Trtuno
860 3058 994 3102 omnem
1008 3037 1190 3129 equitatum
1265 3063 1268 3069 ’

120 3149 151 3203 et
160 3134 243 3205 levis
255 3150 445 3203 armaturae
443 3128 620 3222 Numidas,
632 3134 815 3205 funditores
822 3141 1101 3235 ,sagittariosque
1106 3168 1190 3238 pon·

120 3256 185 3311 tem
206 3240 353 3311 traducit
379 3254 478 3335 atque
500 3240 543 3308 ad
564 3265 620 3309 cos
642 3242 822 3311 contendit.
843 3245 998 3313 Acriter
990 3272 1023 3314 m
1051 3271 1091 3315 eo
1116 3248 1190 3343 loco

121 3362 304 3444 pugnatum
317 3361 376 3416 est.
388 3350 509 3417 Hostes
520 3347 693 3442 impeditos
705 3350 811 3417 nostri
820 3349 999 3420 influmine
1013 3354 1178 3447 aggressi²
1181 3410 1191 3443 ,

159 3558 381 3631 ecomcnpserat.
398 3557 463 3612 vid.
479 3578 537 3631 sup
551 3578 574 3613 c.
592 3577 617 3612 a.
678 3556 739 3612 edd
756 3570 783 3611 et
804 3559 915 3631 interpr
931 3578 1009 3631 graec.
1029 3568 1080 3613 τῶν
1067 3564 1190 3621 vintra-

161 3639 234 3709 9.Si
248 3658 297 3711 qua
312 3658 378 3711 opus.
395 3639 467 3704 Alii,
478 3660 499 3691 rr
494 3639 582 3712 quid,
592 3636 635 3691 vel
678 3634 750 3692 tutos
765 3640 916 3692 ᾶποκιλΰιιν.
922 3640 1018 3711 Vulgo
1024 3654 1189 3717 commeanuq.

122 3738 143 3769 ιι
153 3738 206 3789 quo
216 3718 288 3773 Gn'
280 3732 392 3791 interpr
403 3720 422 3771 ts
437 3737 461 3771 τι
472 3714 561 3773 daos
540 3738 584 3775 ιιη
594 3716 633 3771 Id.
678 3731 772 3771 nostros
786 3720 967 3785 sustinebant,
959 3740 977 3773 1.
990 3740 1014 3775 e
1030 3735 1192 3788 commeatur
1251 3770 1254 3780 ,

159 3798 225 3852 Cur.
246 3799 297 3851 lx
325 3796 516 3853 1.Secundr'ore
532 3803 635 3871 equinam
677 3800 775 3852 nostris
798 3759 1016 3871 suppeditabant,
1035 3800 1107 3854 unde
1130 3816 1192 3856 nata

123 3882 215 3931 metris.
238 3878 345 3949 Vulgo,
366 3882 469 3951 equitum
493 3892 633 3931 nostrorum.
678 3879 777 3931 sitista
793 3877 932 3933 diversitas
948 3880 1190 3947 lectionis·,ineer·

123 3955 242 4011 Glossam
254 3956 366 4011 redolet.
379 3956 465 4011 codd.
480 3958 536 4011 RR.
550 3962 633 4013 nostri.
678 3970 735 4010 turn
749 3977 859 4030 prorsus
874 3972 921 4013 est.

164 4056 189 4091 ι.
205 4038 402 4090 Demerutrotum
415 4036 592 4091 est.Vid.s.c.
608 4038 633 4091 5.
680 4061 682 4065 ¹
719 4039 1191 4096 craxacesaanmutncodd.

164 4117 189 4170 3.
212 4118 396 4189 Commeatuque
413 4130 505 4171 nomos
521 4118 634 4189 prolite-
669 4118 750 4189 abest
767 4118 858 4172 Caesar.
873 4120 951 4173 Male.
1128 4131 1131 4139 “

125 4208 183 4262 not.
200 4198 242 4252 Ita
261 4196 340 4253 codd.
356 4197 477 4271 plerique
491 4211 520 4253 et
534 4211 635 4253 veteres
664 4234 666 4239 -
721 4218 746 4251 n.
759 4199 987 4270 Hostes-impeditos
1006 4205 1127 4254 nostri-tn
1138 4204 1192 4273 ,u-
1249 4256 1251 4261 ,
