3000 5034
307 532 377 600 nr
399 535 574 605 sunno
597 536 846 613 ctnnrco.
877 547 970 617 nis.
994 549 1085 621 vn.
1156 550 1230 650 373
1287 523 1293 558 ‘'
1327 561 1331 565 ·

156 657 246 727 bant
260 661 349 732 Ante
367 665 430 735 hos
444 654 481 755 ¹⁴,
496 668 638 765 obliquis
649 671 822 745 ordinibus
838 679 872 746 in
887 682 1108 776 quincuncem
1119 670 1143 709 ¹⁵
1161 684 1231 756 dis-

154 768 290 858 positis,
303 759 469 844 scrobes¹⁶
484 777 583 845 trium
599 778 635 847 in
654 776 861 853 altitudinem
874 788 997 880 pedum
1009 790 1231 881 fodiebantur,

156 872 318 965 paulatim
331 881 521 975 angustiore
532 881 555 922 ¹⁷
570 882 613 951 ad
631 883 783 955 infimum
797 888 936 987 fastigio.
951 899 1027 965 Huc
1041 912 1160 969 teretes
1171 902 1230 968 sti-

156 980 256 1072 pites,
265 973 429 1054 leminis¹⁸
438 989 671 1077 crassitudine,
680 992 722 1059 ab
730 1018 862 1067 summo
871 1006 1030 1093 praeacuti
1038 1020 1072 1073 et
1081 1008 1230 1100 praeusti,

156 1082 417 1161 demittebantur
433 1094 548 1183 ita,ut
559 1121 628 1165 non
646 1097 789 1193 amplius
801 1103 911 1199 digitis
923 1111 971 1179 IV
985 1135 1027 1179 ex
1041 1126 1132 1181 terra
1148 1115 1229 1182 emi·

156 1210 298 1264 nerent:
314 1199 431 1283 simul,
448 1201 675 1281 confirmandi
683 1220 717 1273 et
724 1209 910 1281 stabiliendi
926 1240 1041 1306 causa,
1053 1219 1172 1315 singuli
1188 1220 1231 1289 ab

155 1298 272 1370 infimo
289 1304 360 1374 solo
372 1307 473 1400 pedes
485 1324 574 1379 terra
588 1309 896 1387 exculcabantur¹⁹:
911 1321 1037 1417 reliqua
1050 1351 1128 1420 pars
1143 1352 1232 1397 scro-

157 1472 203 1544 qui
216 1476 309 1530 Roma
322 1478 389 1533 olim
403 1479 539 1535 visebatur
553 1483 587 1536 ad
602 1483 674 1538 virm
762 1488 805 1543 15.
816 1492 847 1543 In
864 1498 1025 1564 quincuncem.
1043 1500 1105 1553 Non
1120 1503 1232 1573 explica·

54 1632 60 1643 .
157 1553 329 1624 flaminiam,
342 1578 405 1615 cunr
419 1562 470 1615 bac
485 1563 672 1635 inscriptione:
716 1568 821 1623 catione
828 1576 1082 1644 egetistudverbum
1088 1593 1182 1653 utpote
1193 1602 1233 1636 sa·

179 1634 229 1689 ID.
245 1638 358 1702 QVOD.
380 1641 502 1695 INTRA.
521 1644 648 1697 CIPPOS
717 1646 902 1717 tisnotum‚en
909 1660 1044 1728 quincunce.
1056 1654 1110 1721 (V.
1118 1661 1162 1733 fig
1179 1660 1230 1731 9.)

184 1717 242 1768 AD.
264 1718 430 1776 CAMPVM.
447 1723 548 1775 VERS.
564 1722 645 1777 SOLI
761 1732 805 1783 16.
821 1732 930 1788 Sci-obes.
954 1737 1064 1803 Foveae,
1078 1737 1170 1812 Εόθροι,
1189 1743 1231 1795 dea

161 1838 164 1843 .
216 1796 292 1851 EST.
309 1799 340 1852 A.
355 1800 439 1855 CAES.
454 1802 615 1861 AVGVST.
716 1812 807 1877 apices
822 1813 938 1885 depuits.
956 1814 1170 1892 Scrob.(V.flg.
1186 1820 1232 1892 9.)

297 1878 529 1941 REDEMPTVM
761 1894 1231 1971 17.Puulatimaugiutioreudinfinium

203 1952 377 2014 PRIVATO.
393 1962 625 2021 PVBHCAVIT„
710 1968 825 2039 fatigiis.
837 1974 877 2027 Es
885 1976 965 2029 lectio
976 1980 1091 2033 multum
1102 1981 1232 2054 interpre-

158 2034 219 2097 His,
233 2037 361 2110 inquam,
371 2038 406 2094 de
420 2043 518 2109 causis,
535 2063 568 2096 ex
582 2058 672 2097 vetere
716 2059 755 2099 tes
769 2054 904 2109 cruciavit,
913 2056 1027 2129 Scaliger
1038 2060 1141 2131 primus
1150 2080 1183 2116 ex
1191 2063 1231 2116 in.

158 2114 218 2169 cod.
234 2118 282 2189 qui
295 2119 376 2174 habet
396 2141 498 2192 cappos,
515 2123 622 2195 Lipsius
637 2126 675 2178 la-
715 2138 837 2201 terprete
846 2154 931 2205 gracco
946 2138 1030 2205 forte,
1045 2143 1093 2212 qui
1106 2142 1187 2195 habet
1197 2145 1230 2205 ris

159 2196 244 2250 ciebat
258 2216 351 2270 scopos.
366 2201 527 2273 Perperam,
539 2216 567 2256 ct
579 2218 674 2257 contra
711 2202 769 2263 'tiu
779 2250 788 2278 ,
800 2216 920 2285 reposuit
939 2218 974 2269 ad
986 2238 1115 2283 summum,
1134 2220 1231 2295 decep·

159 2274 238 2333 codd.
246 2278 335 2331 Csssar
342 2280 385 2333 bis
395 2283 501 2353 sepibus
508 2302 607 2336 nomen
615 2284 673 2355 cip·
716 2298 774 2357 tus,
787 2305 817 2344 ut
830 2296 960 2363 conjicio,
975 2298 1025 2351 bac
1040 2319 1105 2353 voce
1115 2303 1228 2373 fastigio,
1257 2332 1261 2345 ·

158 2356 675 2433 porumdat,quiautcippi,terminivia·
716 2370 1235 2437 quodcontradioerevideturrerboad

158 2438 375 2511 rum,istaesepes
382 2454 438 2494 arte
449 2442 582 2496 fabricatu
588 2442 674 2517 impe·
717 2449 831 2520 infimum.
846 2454 1010 2526 Perperam:
1029 2478 1091 2512 nam
1100 2463 1234 2531 fastigium

157 2514 675 2595 diebmtemtenetuluaprogredipro·
716 2532 833 2585 sumitur
839 2533 996 2607 aliquando,
1011 2550 1043 2589 ut
1056 2540 1171 2602 altitudo,
1179 2562 1231 2613 pro

159 2596 295 2667 bibebant.
304 2598 417 2653 Undein
427 2615 491 2656 vett.
497 2604 675 2675 glossininre·
716 2611 909 2683 profunditate.
915 2614 991 2687 Virg.
1000 2617 1034 2670 G.
1047 2618 1065 2673 l.
1080 2637 1146 2684 inv.
1159 2623 1233 2677 stas

159 2678 200 2731 nli
209 2679 287 2731 Voss.
296 2684 393 2751 ςοῲρω
401 2720 409 2745 ,
417 2672 498 2744 bremt,
507 2684 609 2757 λίθινος,
622 2705 682 2755 209·-
715 2695 806 2735 Forsitan
816 2706 835 2735 st
843 2698 947 2739 scrobibus
954 2713 997 2753 que
1005 2702 1127 2755 sintlutigis
1133 2705 1222 2755 qumi

159 2755 424 2827 pic,rro‹iiisa.,Bene
433 2760 534 2820 nabrissa
545 2764 676 2836 significat
717 2782 745 2823 ct
759 2772 859 2826 Lucan.
873 2773 892 2825 l.
907 2792 952 2840 rr,
968 2778 1043 2845 296:

159 2839 252 2909 cippos
267 2840 369 2911 ligneos
384 2862 431 2895 seu
446 2843 560 2909 ferreos,
576 2845 675 2916 quibus
991 2856 1106 2912 puteusque
1116 2861 1179 2899 cumi

160 2918 278 2971 mutium
284 2918 554 2991 pedesincludumffl..
563 2956 575 2967 ,
583 2926 673 2978 Vallis·
730 2918 817 2969 Hortis,
832 2923 857 2960 ad
867 2922 938 2975 irrigui
951 2926 1048 2977 premitur
1060 2926 1137 2979 fastigia
1147 2930 1219 2982 campi.

159 2998 674 3076 Illisipsisramisettruncispraeacutis.
718 3002 894 3057 Nostricodd.
902 3006 1162 3079 habentadinfimum.
1171 3012 1233 3065 Duo

204 3085 250 3142 14.
263 3081 389 3138 Auitus.
405 3082 674 3154 Scil.cippos,versus
718 3083 909 3138 tantumnodd.
924 3086 957 3139 ab
973 3086 1150 3161 Oudendorp.
1159 3092 1234 3145 citati

160 3159 257 3212 hostes.
265 3160 418 3219 Secundum
427 3182 511 3234 genus
524 3163 613 3235 operis
619 3165 647 3217 b.
655 3164 674 3217 l.
718 3164 754 3228 ud
765 3184 888 3217 usmmum.
903 3164 956 3219 Sed
963 3166 1109 3239 id,prseter
1119 3169 1235 3225 dillicul·

160 3236 677 3308 describitur.flic0berlinus‚suaauo·
718 3254 800 3295 tatem
812 3246 872 3299 triis
885 3246 986 3301 scrobis
999 3248 1175 3316 effodiendus,
1186 3270 1234 3323 po·

161 3320 285 3387 toritate,
295 3334 390 3387 contra
403 3320 482 3380 codd.
497 3337 524 3375 et
536 3324 675 3395 interpret.
719 3324 852 3379 tissimum
866 3326 967 3391 obstat,
987 3327 1061 3398 quod
1075 3328 1149 3382 nulla
1162 3330 1235 3384 simi·

161 3418 238 3470 graio.
246 3400 316 3465 ,bec
325 3404 406 3455 verba
419 3403 558 3473 :dispositis
570 3408 595 3457 in
608 3408 677 3476 quin·
718 3402 806 3459 litudo
821 3404 910 3465 lutura
924 3420 963 3459 est
974 3406 1045 3459 inter
1059 3410 1179 3462 scrobem
1200 3408 1235 3469 ad

161 3498 257 3532 cuncem
284 3482 419 3545 ordinibus,
438 3484 562 3537 attribuit
590 3484 676 3556 cippis
719 3484 1169 3552 infimumlatiorem,etliliron,de
1179 3508 1235 3562 quo

162 3578 242 3630 supra
254 3563 424 3627 memoratis,
435 3561 526 3622 dicens
541 3582 549 3618 t
563 3577 620 3625 ante
633 3565 676 3615 bos
719 3565 791 3623 inire
806 3564 934 3618 dicemus.
957 3566 1106 3659 Scrobslig.
1126 3590 1152 3638 9.

163 3634 301 3711 (cippos),
315 3642 417 3715 obliquis
432 3643 555 3695 ordinibus
568 3648 594 3696 in
609 3648 678 3717 quiu-
766 3649 811 3701 18.
827 3646 948 3703 Feminis.
955 3648 1026 3703 Bene
1041 3667 1086 3703 sic.
1103 3649 1145 3709 Al.
1154 3649 1235 3715 femo-

163 3739 259 3771 euncsm
275 3721 416 3793 dispositos,
428 3724 490 3778 Non
501 3737 589 3777 sutem
602 3738 678 3778 erant
723 3730 770 3789 ris,
787 3730 989 3791 semis,s'emissis.
1006 3727 1106 3780 Pernen
1122 3740 1236 3801 estpars

163 3800 237 3872 cippi
247 3802 277 3853 in
289 3803 467 3873 quincuncem
481 3803 616 3876 dispositi,
630 3802 678 3857 sed
720 3806 833 3870 interior
840 3806 961 3873 femoris,
972 3808 1031 3860 alvo
1037 3809 1168 3878 proxima.
1176 3810 1236 3863 Lir.

163 3881 269 3933 scrobes
292 3900 405 3953 quarum
430 3882 574 3956 descriptio
592 3884 680 3957 sequi·
719 3888 769 3941 lib.
783 3906 843 3941 xxx.
855 3888 1016 3961 Posteaquam
1020 3889 1112 3955 ,femine
1121 3886 1238 3960 narufiro

163 3973 217 4013 tur.
227 3961 324 4014 Noster
334 3974 423 4015 tamen
438 3963 499 4016 cod.
509 3984 564 4034 reg.
583 3963 677 4040 5763,
711 3968 857 4035 leudunum,
871 3979 916 4021 etc.
1175 4022 1177 4027 .

163 4039 377 4109 mendosissime,
386 4057 413 4096 et
425 4044 482 4096 sine
494 4063 573 4097 sensu
580 4044 678 4099 habet:
767 4066 811 4117 19.
827 4048 937 4119 Singuli.
992 4048 1186 4103 mutabantur.
1203 4051 1238 4103 Iu

163 4122 206 4172 lios
220 4125 282 4192 cipp.
298 4123 452 4207 appellabant
462 4162 471 4185 ,
492 4144 549 4195 quos
572 4124 679 4193 obitpuos
723 4128 833 4198 singulis
840 4128 978 4181 scrobibus
985 4127 1082 4199 singuli
1089 4126 1239 4200 pedes‚seu

165 4201 287 4253 ordinibus
308 4207 334 4254 in
360 4208 512 4277 quincuncem
536 4204 677 4275 dispositis,
725 4208 841 4279 spatium
860 4208 939 4261 unius
956 4206 1033 4279 pedis
1050 4220 1121 4262 terra
1141 4211 1239 4263 calcata

164 4282 267 4342 scrobes,
281 4295 326 4335 etr.
477 4341 481 4347 ,
538 4336 541 4341 ,
629 4342 632 4347 ,
724 4283 885 4358 replebatur.
901 4288 972 4359 Ergo
992 4307 1046 4349 una
1063 4309 1124 4361 pars
1139 4289 1241 4349 scrobis

966 4382 1183 4487 24³&
