3000 5034
285 501 359 596 49²
672 495 743 564 ns
772 490 970 564 eitam

219 660 222 665 ·
282 629 481 702 Cracoviam
491 628 711 724 expugnavit,
721 641 771 716 et,
786 627 876 722 quod
889 628 996 697 ferme
1006 623 1219 714 incredibile,
1231 625 1363 696 tamdiu

282 737 435 806 servavit.
458 736 553 806 Adeo
576 737 611 803 in
632 733 751 830 gallico
764 736 926 829 sanguine
944 747 1103 802 constans
1122 747 1157 802 et
1178 733 1231 802 sui
1244 730 1361 812 similis

281 839 418 938 natural!
437 872 454 908 n
477 847 558 912 Haec
583 841 728 912 Gabriel
744 845 907 911 Brotzer:
928 839 987 909 sed
1007 865 1070 909 nos
1088 840 1153 934 ipsi
1168 862 1357 942 pergamus.

333 952 514 1043 Postquam
533 949 575 1020 de
597 949 794 1042 antiquitate
811 962 846 1018 et
863 949 964 1042 gestis
987 944 1166 1019 Gallorum
1184 959 1263 1015 ante
1285 947 1357 1015 Cae·

267 1079 389 1126 sarem
414 1055 574 1144 disserui,
602 1055 645 1124 ad
671 1055 825 1124 habitum
855 1054 1025 1149 corporis,
1051 1053 1206 1146 ingenia,
1230 1075 1360 1138 mores,

279 1163 419 1232 virtutes
430 1177 464 1234 et
472 1164 569 1249 vitia,
575 1159 723 1258 politiam
732 1159 1359 1230 etmultitudinemhominumtranseo.

279 1269 392 1338 Caesar
403 1268 445 1338 de
458 1270 585 1364 ingenti
603 1282 729 1340 statura
744 1293 862 1338 eorum
875 1265 1035 1361 loquitur,
1047 1291 1151 1361 qrum
1167 1264 1264 1352 dicit,
1275 1262 1296 1333 l.
1314 1287 1357 1353 11,
1400 1284 1404 1294 ·

278 1398 306 1444 c.
325 1371 374 1445 30
391 1401 398 1443 :
415 1399 566 1470 namque
572 1376 751 1472 plerisqtoe
767 1373 959 1444 dommibm
977 1373 1091 1444 Gallis
1100 1425 1112 1458 ,
1121 1395 1205 1470 prce
1216 1378 1357 1466 magni-

201 1481 203 1494 '
277 1481 394 1553 tudine
411 1505 592 1579 corporum
606 1506 743 1552 suorum
760 1480 908 1552 brevitas
918 1494 1041 1550 nostra
1057 1483 1271 1575 contemptio
1284 1494 1356 1547 est:

277 1601 311 1660 et
332 1603 495 1681 quantum
516 1591 638 1658 terrori
656 1588 757 1658 fuerit
770 1589 932 1658 Romanis
947 1587 1063 1682 primo
1081 1600 1219 1681 aspectu
1239 1587 1358 1680 ingens

277 1692 451 1764 Gallorum
482 1710 626 1784 statura,
650 1697 742 1765 testis
767 1709 818 1764 est
847 1694 963 1763 Livius
989 1693 1124 1788 passim.
1153 1695 1236 1762 Fere
1266 1691 1357 1762 idem

276 1801 397 1870 Strabo
417 1800 438 1870 l.
460 1825 515 1891 tv,
536 1828 568 1898 p.
595 1798 667 1897 195
683 1829 691 1871 :
705 1803 750 1870 Τὸ
771 1792 807 1868 δὲ
827 1795 912 1883 dioc,
931 1801 969 1868 τὸ
988 1801 1043 1892 μὲν
1062 1803 1175 1867 ἐκτῶν
1198 1797 1354 1892 σωμάτων

276 1909 341 1974 ἐστι
353 1908 496 2004 μεγάλων
510 1909 620 1992 ὄντων,
632 1936 661 1976 κ.
676 1935 709 1976 τ.
720 1915 753 1975 λ.
768 1907 976 1999 Leursorce
986 1912 1085 1976 vt‘ent
1094 1906 1139 1976 de
1152 1907 1358 2001 l’avantuge

274 2012 319 2082 de
340 2015 414 2082 leur
430 2015 535 2083 tuille.
559 2018 631 2083 Hos
648 2038 793 2109 corpora
805 2011 982 2109 plusquam
1000 2013 1150 2082 humana
1166 2011 1294 2082 habere
1310 2014 1357 2080 ait

273 2119 475 2206 lornandes,
488 2122 576 2196 Item
597 2119 652 2194 alii
668 2121 995 2215 omnesseriptores.
1015 2122 1122 2189 Porro
1148 2122 1278 2189 statura
1299 2143 1356 2189 eo·

273 2249 369 2315 rum,
387 2241 549 2321 quantum
566 2229 703 2306 memini
722 2253 776 2296 me
790 2225 926 2321 legisse,
939 2228 1173 2296 Romanorum
1190 2239 1354 2296 staturam

273 2356 330 2402 sex
354 2333 410 2402 ‘vel
438 2332 590 2429 pluribus
620 2336 727 2404 unciis
753 2333 944 2404 excedebat.
975 2335 1209 2402 Romanorum
1240 2347 1354 2406 autem

272 2451 399 2510 statura
418 2465 488 2509 non
508 2442 653 2536 quinque
670 2441 772 2536 pedes
786 2456 821 2509 et
840 2440 923 2510 duas
936 2438 990 2508 vel
1010 2455 1081 2510 tres-
1097 2440 1232 2523 uncias,
1253 2463 1352 2535 supe-

271 2545 375 2616 rabat.
392 2546 481 2617 Galli
492 2563 603 2618 autem
618 2548 687 2618 fere
699 2572 816 2618 omnes
826 2601 836 2636 ,
848 2571 954 2640 usque
969 2546 1012 2616 ad
1027 2571 1084 2616 sex
1098 2547 1173 2642 ped.
1189 2558 1224 2616 et
1237 2544 1351 2640 plures

270 2653 386 2722 uncias
395 2654 643 2749 perveniebant.
654 2657 707 2724 De
721 2653 865 2724 candido
878 2652 992 2723 colore
1004 2655 1155 2750 corporis
1168 2650 1280 2749 gallici
1292 2667 1353 2723 tes·

270 2771 361 2828 tatur
371 2762 471 2830 etiam
480 2787 604 2831 nomen
615 2763 694 2857 ipsis
711 2761 853 2832 inditum
875 2785 895 2830 a
915 2760 1060 2833 Grecis:
1076 2758 1310 2830 naml'otuiroes
1330 2783 1351 2828 a

270 2865 376 2950 subo,
395 2894 489 2954 κτος,
511 2867 600 2961 quod
625 2869 684 2938 lac
703 2867 889 2963 significat:
913 2866 1002 2936 unde
1021 2868 1171 2953 Petronii
1191 2866 1238 2936 ad
1258 2867 1352 2936 Gito-

270 2995 346 3038 nem
361 2972 434 3042 haec
450 2974 577 3043 verba:
597 2979 772 3044 incretam
782 2974 927 3066 sactes,
949 2989 987 3042 ut
1013 2974 1103 3044 cives
1123 2975 1247 3044 Gallia
1265 2996 1347 3044 suos

261 3093 373 3173 putet.
396 3081 538 3150 Comum
559 3080 622 3150 bos
639 3080 727 3150 alere
747 3105 842 3152 suam
862 3079 1058 3150 naturaliter
1076 3080 1199 3150 flavam
1218 3094 1255 3150 et
1273 3079 1346 3175 pul·

269 3183 485 3276 cherrimam,
516 3187 738 3283 decenterque
766 3190 801 3257 in
825 3187 984 3256 humeros
1008 3186 1293 3283 propendentem,
1313 3201 1348 3256 et

270 3314 312 3360 ex
327 3295 493 3362 anteriore
507 3309 602 3390 parte
620 3296 736 3389 capitis
754 3296 790 3363 in
812 3293 922 3364 fronte
942 3293 1220 3382 discriminum,
1236 3307 1271 3362 et
1287 3317 1349 3388 per

269 3412 450 3495 utrumque
463 3399 550 3470 latus
567 3400 785 3489 defluentem,
799 3416 953 3488 auctores
971 3415 1051 3470 sunt
1067 3401 1205 3489 Strabo,
1217 3415 1253 3470 et
1269 3399 1345 3472 Cle·

268 3528 363 3577 mens
381 3506 475 3579 Alex..
497 3523 531 3576 et
558 3507 612 3577 alii
633 3506 815 3602 permulti:
837 3507 927 3576 unde
949 3506 1060 3577 Gallia
1082 3522 1225 3577 comata
1246 3507 1345 3578 dicta.

268 3613 380 3700 Quam
404 3616 571 3684 cesariem
591 3629 660 3683 tam
682 3613 830 3685 nobilem
853 3613 952 3684 caleis
976 3612 1147 3683 ablutione
1170 3613 1346 3709 diligenter

268 3715 436 3806 colebant,
454 3735 488 3790 et
506 3745 631 3816 sapone
648 3747 689 3790 cx
708 3746 788 3790 sevo
813 3735 848 3791 et
864 3723 976 3791 cinere
998 3720 1161 3808 conficto,
1180 3721 1273 3816 quod
1288 3722 1345 3790 in-

266 3840 405 3895 ventum
424 3842 495 3896 erat
510 3826 682 3922 gallicum,
693 3827 883 3923 ungebant;
898 3829 945 3896 ita
964 3842 1019 3916 ut,
1033 3852 1103 3897 non
1117 3825 1227 3898 solum
1246 3827 1343 3915 flavi,

268 3930 325 4000 sed
344 3947 378 4002 et
394 3932 484 4004 rutili
498 3936 606 4018 crines
623 3959 740 4005 eorum
756 3935 891 4023 fierent,
902 3934 993 4029 jubis
1003 3933 1138 4004 leonum
1152 3933 1244 4004 haud
1256 3934 1343 4003 absi·

267 4036 371 4116 miles,
393 4042 496 4136 Finge
519 4042 621 4135 igitur
644 4066 788 4138 corpora
812 4066 970 4135 procera,
990 4039 1141 4138 albedine
1165 4039 1342 4129 notabilia,

267 4143 370 4216 oculis
383 4145 553 4239 coeruleis,
566 4149 659 4219 flavis
670 4164 704 4220 et
716 4147 927 4220 rutilantibus
941 4149 1063 4237 comis,
1073 4149 1208 4220 cesarie
1222 4147 1341 4218 barba·
