3000 5034
263 514 343 597 deli
424 514 463 579 C.
491 508 635 579 IULII
663 494 1201 581 cAEsAR1s;COMMENT.

311 646 412 713 XIII.
441 646 534 713 Non'
549 642 739 711 intermittit
766 639 920 709 interim¹
947 641 1140 735 quotidiana
1168 641 1286 737 pr'oelia
1309 646 1345 713 in

226 777 230 781 “
263 764 446 846 conspectu
463 765 683 842 utrorumque
696 761 901 834 castrorum,
914 773 988 842 quae
1003 748 1046 816 ad
1067 748 1154 817 vada
1169 752 1344 819 transitus·

262 885 328 954 que
338 858 464 927 fiebant
472 855 611 951 paludis.
625 856 703 943 Qua
716 856 930 923 contentione
943 847 1227 949 Gennani,(quos
1241 882 1345 953 prop-

260 981 353 1035 terea
386 967 501 1034 Caesar
535 962 728 1030 traduxerat
763 960 940 1048 Rhenum,
959 976 997 1030 ut
1014 961 1203 1081 equitibus
1193 976 1343 1059 interpo-

261 1074 315 1141 siti
338 1066 592 1166 proeliarentur'
595 1061 628 1158 l
648 1092 752 1162 quum
783 1070 990 1136 constantius
1017 1068 1164 1137 universi
1185 1068 1344 1163 paludem

260 1181 457 1248 transissent
465 1177 670 1271 ,paucisque
683 1174 911 1243 resistentibus
923 1160 1126 1243 interfectis
1139 1178 1345 1268 pertinacius

259 1284 423 1380 reliquam
444 1282 690 1352 multitudinem
714 1295 825 1350 essent
846 1283 1007 1349 insecuti:
1022 1284 1189 1375 perterriti
1204 1307 1273 1351 non
1289 1308 1343 1353 so·
1387 1373 1391 1379 Ι

258 1390 332 1460 lum
346 1394 387 1480 ii,
403 1393 460 1485 qui
481 1404 540 1459 aut
562 1390 714 1457 cominus
735 1388 1030 1483 opprimebantur,
1048 1402 1107 1456 aut
1121 1391 1250 1457 eminus
1269 1389 1344 1459 vul·

260 1499 481 1585 uerebantur,
491 1496 548 1565 sed
561 1498 679 1583 etiarn,
689 1497 745 1587 qui
755 1493 886 1588 longius
899 1495 1073 1563 subsidiari
1086 1512 1344 1586 consueverant,

260 1607 404 1725 turpiter
425 1603 599 1698 sugerunt3
617 1626 679 1671 nec
704 1603 797 1695 prius
818 1600 920 1669 finem
945 1601 1033 1695 fugae
1061 1601 1213 1671 fecerunt
1220 1628 1355 1703 ,saepe

260 1714 389 1781 amissis
411 1710 637 1805 superioribus
654 1708 755 1796 locis,
777 1732 907 1845 quiam,
900 1733 935 1776 se
953 1722 1012 1777 aut
1028 1710 1062 1776 in
1080 1724 1189 1777 castra
1203 1734 1343 1778 suorum

258 1821 467 1913 reciperent,
490 1831 549 1885 aut
565 1814 717 1884 nonnulli
724 1801 907 1909 ,pudore⁴
927 1816 1034 1883 coacti
1042 1813 1203 1910 ,longius
1225 1817 1343 1912 profu·

260 1939 386 2044 gerent.
397 1926 553 2011 Quorum
567 1920 776 2016 periculosis
788 1945 904 1989 omnes
919 1922 1024 2015 copiae
1038 1937 1115 1990 sunt
1127 1924 1343 2053 perturbatae,

260 2046 299 2099 ut
319 2033 376 2098 vix
404 2029 547 2121 judicari
574 2042 703 2123 posset,
727 2040 841 2095 utrum
868 2028 1021 2096 secundis
1050 2015 1218 2123 parvulis⁵
1243 2030 1343 2101 rebus

260 2136 508 2222 insolentiores,
530 2159 574 2203 an
596 2135 743 2203 adversis
760 2134 984 2205 mediocribus
1003 2136 1185 2206 timidiores
1203 2152 1324 2206 essent.

311 2246 408 2313 xlv.
425 2241 664 2335 Compluribus
683 2240 799 2308 diebus
816 2241 932 2309 iisdem
946 2243 1108 2310 incastris
1123 2246 1343 2338 consumptis,

259 2374 364 2444 quum
378 2352 516 2445 propius
528 2349 704 2417 accessisse
719 2345 865 2441 legiones
879 2362 912 2416 et
926 2350 965 2417 C.
975 2349 1179 2417 Trebonium
1194 2346 1341 2445 legatum

260 2459 512 2551 cognovissent3
531 2455 633 2526 duces
656 2452 931 2541 Bellovacorum,
952 2456 1050 2523 veriti
1071 2454 1210 2525 similem
1228 2458 1341 2527 obses-

260 2566 387 2633 sionem
408 2554 543 2650 illesiae,
562 2576 666 2630 noctu
692 2560 865 2629 dimittunt
881 2586 957 2648 eos,
977 2586 1061 2654 quos
1083 2577 1141 2631 aut
1164 2578 1261 2632 aetate
1283 2580 1343 2633 aut

260 2671 387 2739 viribus
403 2668 576 2737 inferiores
588 2667 614 2754 ¹,
634 2682 692 2735 aut
709 2668 852 2735 inermes
869 2666 1055 2756 habebant,
1067 2693 1199 2763 unaque
1214 2669 1340 2766 reliqua

258 2775 504 2871 impedimenta.
518 2776 673 2861 Quorum
691 2774 923 2867 perturbatum
940 2789 974 2843 et
990 2775 1174 2845 confusum·
1186 2776 1268 2845 dum
1283 2802 1339 2847 ex-

301 2980 367 3033 Csr.
384 2978 461 3031 XIII.
480 2976 577 3031 1.Non
591 2981 728 3029 intermittit
739 2982 777 3028 in·
821 2976 881 3030 cod.
898 2980 1018 3050 reposuit
1028 2998 1131 3049 panone,
1144 2998 1224 3051 quam
1245 2981 1340 3034 lectio-

262 3063 337 3111 terim.
352 3056 580 3121 Subsudi,Coesar.
596 3056 671 3111 Hanc
685 3058 777 3109 lectio·
821 3076 883 3110 nem
898 3059 1013 3129 amplexi
1027 3071 1090 3113 sunt
1111 3061 1199 3113 cseteri
1212 3059 1336 3115 editores.

260 3156 324 3191 nem
338 3138 461 3190 revocavi
479 3156 511 3189 ex
533 3135 612 3189 codd.
632 3137 730 3190 nostris
750 3150 778 3190 et
863 3137 888 3191 5.
910 3139 1025 3191 Secundis
1037 3141 1146 3211 pannulis
1163 3140 1240 3193 rebus.
1265 3142 1340 3194 Bene

260 3219 370 3290 optimis
378 3218 503 3293 Bongars.
514 3217 690 3270 Petav.Voss.
699 3216 776 3270 Leid.
820 3236 852 3269 ex
866 3217 944 3271 codd.
960 3218 1060 3272 Audin.
1074 3218 1160 3272 Oxon.
1171 3212 1284 3273 etLeid.
1293 3240 1336 3293 pr.

260 3315 302 3369 pr.
311 3297 399 3350 Oxon.
407 3296 511 3363 stabis,
518 3295 590 3350 baud
599 3297 711 3349 minoris
717 3316 778 3350 auc·
820 3297 978 3368 quibuscum
989 3300 1121 3351 consentit
1130 3312 1221 3353 noster
1232 3299 1293 3353 eod.
1303 3302 1336 3354 R.

261 3377 383 3431 toritatis.
397 3376 503 3448 Vulgo,
516 3396 564 3429 non
580 3380 775 3429 intemiittuntur.
822 3377 897 3449 5764
908 3396 987 3431 :narn
999 3378 1087 3431 Cesar
1098 3392 1126 3432 et
1134 3380 1237 3432 Hirtius
1247 3382 1275 3433 in
1288 3382 1337 3433 ista

260 3457 322 3510 Non
336 3457 405 3509 male
418 3475 533 3528 quoque.
819 3458 913 3510 vocula
928 3450 1075 3529 (parvulus)
1087 3459 1140 3512 ¹sibi
1160 3460 1335 3531 complacent.

304 3556 329 3589 s.
348 3537 384 3589 Ut
396 3536 514 3608 equitibus
529 3540 663 3609 interprositi
674 3538 775 3609 pratu·
819 3537 951 3591 Parvulum
965 3539 1143 3601 detrimentem,
1152 3541 1255 3610 pennula
1268 3560 1334 3613 proe-

260 3608 350 3670 mntur.
365 3618 407 3669 De
421 3616 478 3668 istis
492 3615 628 3687 peditibus
647 3615 776 3689 expeditis
821 3616 869 3679 tia,
882 3619 986 3688 parvula
1000 3638 1087 3681 causa,
1106 3630 1156 3672 etc.
1173 3620 1282 3691 Vulgat.
1298 3640 1335 3671 se·

258 3697 395 3768 loquitur,
407 3696 456 3767 qui
468 3696 539 3749 inter
545 3697 646 3768 equites
660 3696 776 3768 praeliari
819 3698 903 3748 condis
915 3701 1039 3770 nimiisque
1046 3698 1122 3751 rebus.
1135 3700 1220 3751 Antea
1231 3700 1335 3770 legeba-

258 3788 458 3829 consueverant.
470 3772 563 3829 Vidi
552 3780 642 3841 ι,48;
655 3794 713 3841 ιιι,
729 3778 774 3829 18.
818 3788 864 3829 tur
873 3778 981 3829 secundis
996 3780 1143 3850 minimisque
1157 3778 1233 3831 rebus.

300 3854 516 3912 &desistentibus
530 3858 668 3923 interfectis
683 3814 776 3908 Nbstri
859 3856 923 3910 Cur.
938 3856 1043 3909 XIV.
1050 3857 1122 3911 Aut
1133 3858 1226 3910 ‘ombus
1237 3861 1335 3925 infinie·

258 3934 338 3989 codd.
358 3941 383 3987 in
399 3936 537 3987 resistendo.
552 3938 602 4001 At,
609 3947 640 3986 ut
653 3936 776 3988 observat
819 3956 864 3988 res.
881 3937 935 3988 Pro
953 3939 1090 4004 inferiores,
1109 3938 1138 3989 P
1159 3938 1245 3991 Ciacc.
1268 3958 1333 4010 pro·

259 4014 403 4080 Oudend„
419 4016 477 4068 bec
488 4015 567 4067 lectio
575 4013 699 4067 videtur
691 4028 774 4068 mter·
817 4005 895 4088 potiit
914 4015 1063 4087 infirmiores
1080 4016 1168 4069 Nibil
1174 4014 1342 4070 mutandum*

258 4107 457 4166 pretamentum
472 4094 546 4147 vocis
562 4095 731 4148 mittentibus.
817 4108 894 4167 putat
905 4097 993 4151 Davrs
1013 4098 1081 4149 Nam
1100 4098 1222 4164 inferior'
1214 4116 1242 4149 m
1258 4116 1332 4151 conr·

299 4181 326 4237 4.
352 4175 473 4228 Nonnulli
490 4174 592 4245 pudore.
614 4174 656 4227 Its
677 4175 775 4246 optimi
817 4176 950 4248 positione
970 4176 1041 4230 idem
1065 4176 1135 4231 valet
1150 4196 1180 4229 sc
1201 4176 1330 4245 infirmior,

256 4252 334 4309 codd.
348 4266 375 4307 et
393 4254 487 4309 nostri.
502 4254 569 4307 Scel.
585 4272 617 4307 ex
630 4256 775 4308 Ursiniano
819 4254 892 4328 quod
907 4257 999 4311 multis
1012 4258 1109 4328 probet
1123 4257 1257 4327 sxernplis.
