3000 5034
280 432 356 529 296
411 437 452 504 C.
477 435 621 506 JULII
648 434 889 505 CAESARIS
906 432 1193 503 mostubus.
1223 491 1227 497 .

277 591 343 659 que
363 568 578 655 Narbonem,
591 592 666 662 quoe
684 565 757 637 loca
773 567 924 637 hostibus
938 580 1033 635 erant
1052 564 1212 651 finitima,
1228 560 1353 631 consti·

277 674 362 740 tuit:
383 689 513 768 partem
535 676 707 769 copiarum
726 699 767 742 ex
785 674 975 768 provincia,
998 670 1354 767 supplementumque,

277 780 368 872 quod
390 804 432 849 ex
449 779 545 849 Italia
573 780 774 869 adduxerat,
795 782 830 849 in
854 779 989 849 Helvios
998 765 1022 865 ⁴,
1041 774 1098 872 qul
1118 777 1201 846 fines
1228 777 1354 845 Arver-

277 892 398 953 norum
420 889 637 983 contingunt,
652 888 834 955 convenire
848 887 951 981 jubet

331 994 426 1061 VIII.
455 994 515 1062 His
532 993 633 1063 rebus
649 995 869 1089 comparatis,
884 1018 1035 1088 represso
1048 978 1118 1087 jam
1138 989 1297 1075 Lucterio
1320 1001 1356 1058 et

279 1112 425 1186 remoto,
437 1099 526 1192 quod
540 1102 664 1168 intrare
676 1102 764 1167 intra
776 1099 927 1195 praesidia
942 1098 1165 1194 periculosum
1179 1096 1323 1191 putabat
1333 1092 1358 1182 ¹,

278 1203 313 1269 in
332 1202 468 1273 Helvios
490 1206 729 1299 proficiscitur:
743 1207 805 1275 etsi
824 1230 920 1275 mons
942 1208 1101 1275 Cevenna
1109 1202 1133 1293 ²,
1152 1205 1209 1297 qui
1229 1204 1357 1271 Arver-

278 1333 341 1377 nos
362 1309 404 1377 ab
427 1310 552 1382 Helviis
579 1310 753 1397 discludit,
772 1312 948 1379 durissimo
969 1327 1120 1405 tempore
1144 1308 1243 1396 anni,
1262 1306 1357 1377 altis÷

279 1416 362 1482 sima
387 1418 464 1485 nive
492 1419 556 1485 iter
578 1416 803 1511 impediebat3
829 1430 940 1484 tamen
964 1415 1111 1485 discussa
1141 1418 1217 1483 nive
1243 1416 1294 1483 vi
1322 1416 1357 1483 in

278 1518 487 1591 altitudinem
515 1522 667 1617 pedum,
692 1536 791 1616 atque
822 1522 869 1589 ita
900 1523 961 1591 viis
994 1522 1190 1617 patefactis,
1220 1544 1358 1590 summo

278 1625 422 1696 militum
432 1627 546 1698 labore
555 1614 567 1654 ³
575 1627 618 1698 ad
633 1628 716 1699 fines
729 1630 959 1698 Arvernorum
972 1630 1132 1723 pervenit.
1144 1627 1277 1718 Quibus
1293 1652 1357 1723 op·

277 1735 399 1827 pressis
419 1735 686 1828 inopinantibus,
699 1735 791 1828 quod
805 1760 840 1804 sa
859 1737 1039 1822 Cevenna,
1055 1750 1095 1803 ut
1108 1760 1227 1821 muro,
1243 1736 1356 1803 muni-

279 1852 330 1907 tos
346 1842 597 1928 existunabant,
611 1866 650 1909 ae
664 1866 707 1909 ne
722 1841 880 1936 singulari
895 1839 1027 1937 quidem
1037 1828 1050 1873 ⁴
1062 1866 1210 1936 unquam
1225 1842 1357 1911 homini

277 1969 319 2014 eo
334 1958 485 2041 tempore
500 1949 579 2015 anni
593 1948 716 2016 semitae
731 1962 909 2042 patuerant
920 1948 1109 2043 ,equitibus
1122 1950 1288 2043 imperat,
1302 1963 1357 2037 ut,

187 2112 192 2119 .
278 2075 379 2144 quam
411 2050 567 2122 latissime
595 2054 740 2148 possint,
769 2069 957 2151 vagentur,
982 2068 1016 2124 et
1046 2079 1147 2149 quam
1170 2056 1357 2125 maximum

278 2156 429 2226 hostibus
452 2173 614 2229 terrorem
634 2146 809 2232 inferant⁵.
827 2159 989 2232 Celeriter
1007 2154 1078 2231 haee
1099 2161 1188 2231 fama
1207 2186 1248 2231 ac
1268 2186 1355 2231 nun·

319 2354 347 2413 4.
361 2350 470 2405 Helvios.
483 2352 540 2405 Hos
555 2351 650 2407 Strabo
661 2353 759 2425 Geogr.
772 2356 791 2407 l.
837 2356 911 2408 abest
923 2356 988 2427 quin
1001 2355 1133 2409 affirmem
1148 2374 1163 2407 a
1179 2354 1356 2421 Caesare,sno
1380 2377 1383 2387 ·

279 2444 318 2491 tv,
327 2448 355 2499 p.
370 2447 431 2499 190,
443 2421 545 2493 Ελοὺους
559 2446 650 2500 vocat;
661 2447 688 2487 et
704 2435 791 2488 Ciace.
836 2454 911 2489 more
927 2454 1076 2509 synonyma
1089 2438 1356 2507 jungente,quorurn

277 2507 792 2585 Insuoeod.reperitllnos.Atgrsso.int.
837 2516 949 2568 alterurn
962 2516 1355 2591 alteroexplicatur,scripturn
1418 2534 1422 2538 ·

277 2576 421 2651 Delum&
436 2592 574 2645 InnostrIs
584 2591 663 2646 codd.
677 2594 791 2657 Helvios,
837 2594 917 2649 fuisse
932 2596 1018 2647 sudore
1040 2616 1069 2647 ac
1092 2596 1185 2658 labore,
1202 2607 1233 2647 ut
1248 2595 1356 2651 locutus

278 2669 669 2741 qnaleetiogenuinavidetur.
677 2674 793 2729 Pessime
837 2688 877 2728 est
899 2674 994 2729 Cicero
1016 2694 1067 2747 pro
1091 2676 1220 2739 Fonteio,
1237 2692 1298 2747 cap.
1318 2694 1354 2729 r:

277 2746 325 2818 qui
335 2748 428 2819 legunt
440 2751 571 2804 Helvetios.
836 2754 963 2827 Multoque
982 2757 1032 2825 ejus
1051 2756 1138 2807 sudore
1159 2776 1189 2807 ae
1208 2754 1291 2807 labore
1310 2754 1354 2809 sub

319 2828 384 2881 Car.
398 2829 476 2882 VIII.
497 2848 521 2882 1.
537 2831 634 2883 Intrare
648 2834 714 2882 intra
725 2851 793 2902 proe·
836 2834 868 2887 P.
877 2834 1037 2906 Il.imperium
1044 2835 1202 2908 ditionemque,
1208 2836 1354 2891 millam.

276 2908 500 2976 sr'diopericulosum
505 2909 618 2979 putabat.
627 2910 691 2964 Huc
701 2912 794 2966 Clark.
878 2919 906 2977 4.
920 2914 961 2967 Ae
972 2916 1129 2983 nosiagrdorr'
1140 2916 1242 2987 quidem.
1250 2914 1352 2971 Inood.

277 2987 360 3039 refert
380 2984 414 3038 ad
435 2987 609 3055 Lucterium,
622 2989 675 3043 hoc
696 2991 792 3045 modo:
836 3005 929 3046 nostro
947 2993 1022 3063 5764
1041 3008 1117 3047 vacat
1130 3014 1182 3047 vox
1198 2996 1309 3068 quidem,
1326 3008 1354 3058 et

277 3068 392 3119 Laetera
413 3078 514 3129 semoto,
536 3068 616 3140 qnod,
633 3070 697 3140 qnia
715 3072 738 3123 is
759 3076 795 3123 in-
836 3072 922 3143 reipsa
934 3086 1022 3144 potest
1034 3074 1132 3127 abesse.
1146 3074 1257 3140 Florus,
1270 3076 1290 3127 1.
1300 3093 1352 3142 nr,

279 3158 359 3208 aare,
372 3157 453 3198 ete...
470 3141 754 3215 Coesar(subanditnr)
768 3156 793 3203 in
837 3170 859 3205 c.
872 3170 920 3221 17:
933 3152 1263 3225 Utnsprs'mas'llnuflnrnma
1270 3167 1354 3225 posset

276 3226 378 3277 Helvios
390 3226 563 3295 proficiscitur.
580 3228 706 3282 Prnsidia
721 3232 794 3284 enim
836 3235 957 3285 natinari.
971 3233 1010 3286 Ea
1025 3243 1113 3287 tamen
1132 3233 1229 3305 legitur
1244 3235 1273 3287 in
1294 3234 1351 3289 aliis

276 3304 307 3357 in
316 3304 427 3357 Rutenis
433 3307 642 3376 provincialibus
649 3312 793 3365 constitue·
836 3310 916 3365 oodd.
928 3324 954 3365 et
970 3313 999 3365 in
1014 3314 1111 3384 vulgat.
1126 3312 1190 3367 edit.

276 3396 339 3437 rant
353 3385 477 3438 Romani.
489 3386 554 3458 Sup.
565 3406 590 3441 o.
601 3406 629 3457 7·
879 3392 904 3445 5.
915 3392 954 3445 Et
961 3410 1031 3463 qnam
1043 3397 1170 3446 nwbnam
1177 3406 1291 3447 terrorum
1300 3396 1353 3447 Isos·

321 3484 348 3517 a.
358 3463 477 3518 Cevenna.
488 3466 558 3532 Atii,
574 3467 700 3521 Cebenna.
712 3468 791 3523 Male.
838 3470 900 3525 tibus
906 3472 1018 3538 auferant.
1027 3472 1158 3527 Cevenna
1164 3474 1353 3539 montistrans·

319 3543 347 3597 3.
355 3543 453 3597 Sum
460 3546 561 3597 mittum
568 3547 658 3600 labore.
666 3548 730 3601 Pars
736 3568 793 3601 ma·
836 3550 890 3605 itus
900 3551 968 3605 laets
980 3552 1050 3605 inter
1063 3552 1185 3610 minanda
1195 3552 1350 3609 referendus

277 3623 349 3675 xima
361 3622 441 3676 codd.
451 3624 533 3678 habet
544 3626 639 3679 sudore.
649 3626 793 3691 Quodnon
836 3628 961 3697 videtur,
982 3650 1042 3702 quo
1063 3634 1350 3689 consummatissimum

277 3701 401 3774 displicet
416 3722 449 3757 ex
467 3705 588 3771 Velleio,
602 3706 663 3759 Val.
679 3707 750 3762 Max.
767 3723 794 3762 et
836 3724 953 3781 arguunt
969 3710 1073 3765 duoem.
1093 3712 1160 3765 Belli
1180 3714 1349 3767 summamin

276 3780 385 3836 Plinin
397 3783 791 3854 epistolis.Velleius,11‚1s8:
835 3790 960 3845 hostilem
974 3792 1111 3862 regionem
1132 3794 1276 3847 transferre
1299 3794 1350 3847 fnit

279 3862 355 3931 Quod
367 3863 519 3916 nobsffisinis
534 3884 624 3917 sunno
638 3885 693 3917 cun
707 3869 794 3921 sudore
836 3888 894 3922 mos
907 3883 1031 3926 constans
1050 3872 1175 3938 Cnsaris,
1194 3871 1242 3926 sed
1258 3886 1285 3927 et
1298 3874 1349 3927 boe

276 3943 465 4015 consequendum
479 3944 629 4011 soret.VaI.
646 3945 718 4001 Max.
733 3967 792 4015 ιιι,
835 3948 895 4003 loeo
908 3950 1077 4021 potissimum
1090 3951 1188 4018 valuit,
1204 3951 1278 4024 qnod
1293 3952 1348 4005 sui·
1436 3977 1442 3988 ·

275 4038 334 4091 eap-
349 4026 377 4087 6,
393 4017 409 4083 S
427 4042 438 4075 1
455 4042 464 4077 s
479 4024 639 4089 Provs'ncs'as,
658 4028 734 4079 multo
749 4050 792 4081 su·
836 4027 985 4083 madvertet
997 4031 1097 4096 lector,
1109 4030 1191 4085 modo
1204 4031 1240 4085 ad
1256 4034 1348 4086 seriem

274 4100 791 4174 donacsassfuineinpotestatemredactas.
835 4122 980 4163 meatuum
994 4109 1120 4167 attendat.
1131 4111 1195 4165 ttae
1211 4125 1347 4167 autemea-

276 4179 381 4249 Quare,
395 4182 791 4259 inquitOndendorp.,parum
825 4187 938 4259 *peditio
954 4190 1063 4245 Cessris
1083 4192 1112 4245 in
1134 4192 1284 4259 Arvernos,
1303 4201 1347 4244 ut·
