3000 5034
305 487 384 586 496
695 489 766 557 un
793 487 999 558 einum

303 621 418 719 pulos,
430 621 606 710 barbaros,
618 602 840 710 bellicosos,a
852 621 975 715 quibus
987 620 1078 715 ipsos
1093 617 1211 691 Gallos
1222 620 1388 692 oriundos

302 729 463 817 diximus,
478 729 670 816 catamitos,
682 741 717 797 et
733 727 799 797 alia
808 727 958 822 ejusdem
973 727 1103 822 generis
1113 729 1209 815 vitia,
1222 751 1390 799 eorumve

302 839 403 906 etiarn
420 836 563 904 nomina‘
578 861 620 904 ne
640 835 773 905 novisse
791 832 927 929 quidem
947 848 1078 903 certum
1096 847 1156 904 est
1169 835 1322 922 Tacitus,
1340 835 1387 904 de·

298 945 390 1012 Mor.
407 946 545 1030 Germ,
558 940 706 1036 loquitur
719 941 763 1012 de
776 939 849 1036 lege
860 940 951 1036 apud
962 965 1020 1010 eos
1031 942 1178 1026 sancita,
1190 965 1259 1035 qua
1272 944 1389 1036 capite

301 1048 529 1143 plecterentur
540 1071 684 1144 corpore
697 1047 848 1140 irffames
861 1072 869 1116 ε
884 1063 920 1116 at
938 1060 1161 1141 preterquam
1175 1047 1268 1141 quod
1281 1047 1380 1118 lectio

301 1180 445 1252 eorprore
470 1155 622 1249 infames
643 1154 744 1224 dubia
765 1168 833 1241 est,
858 1178 900 1224 ea
918 1155 992 1249 ipsa
1015 1151 1069 1223 lex
1087 1155 1165 1224 satis
1186 1169 1303 1248 aperte
1323 1154 1380 1225 de·

301 1276 486 1352 monstrat,
507 1263 574 1332 hoo
593 1263 711 1330 vitium
729 1284 799 1330 non
821 1259 922 1330 fuisse
947 1285 1127 1333 commune
1147 1263 1248 1356 genti.
1271 1261 1380 1351 Quid·

298 1368 393 1463 quid*
410 1371 517 1456 enim,
538 1367 593 1440 vel
621 1369 804 1463 pessimum
832 1369 892 1456 sit,
914 1392 980 1437 usu
1006 1368 1187 1462 probatur,
1206 1392 1378 1462 nunquam

301 1489 410 1545 morte
435 1475 602 1571 plectitur.
625 1474 678 1544 Ad
700 1473 817 1544 Gallos
836 1473 940 1545 redeo
961 1500 970 1543 ε
992 1475 1105 1544 iinon
1127 1488 1259 1544 tanturn
1283 1491 1379 1544 erant

300 1581 467 1670 bellicosi,
481 1582 588 1652 sedet
601 1579 828 1676 agriculture,
838 1582 921 1676 quin
933 1592 968 1650 et
981 1581 1185 1651 commercio
1196 1579 1377 1676 plurimum

301 1688 489 1758 studebant.
504 1686 597 1760 Nihil
615 1691 650 1758 in
668 1703 760 1758 terra
776 1686 896 1784 gallica
911 1688 1073 1776 otiosum,
1086 1702 1127 1757 ut
1136 1687 1207 1782 jam
1223 1687 1376 1770 diximus,

296 1795 442 1890 ideoque
468 1820 539 1865 non
563 1797 661 1865 otiosi
687 1797 770 1891 ipsi,
791 1819 856 1865 nec
885 1794 1029 1864 barbari.
1058 1793 1245 1865 Aristotelis
1276 1797 1381 1891 igitur

299 1901 456 1990 effatum,
480 1901 571 1996 quod
596 1916 686 1972 certe
713 1926 783 1970 non
807 1901 930 1995 probo,
956 1925 1167 1996 nequaquam
1195 1901 1239 1970 ad
1261 1901 1376 1973 Gallos

301 2022 437 2102 spectat.
454 2007 507 2077 Ad
519 2009 683 2077 rationem
698 2032 739 2077 ex
759 2004 937 2078 mulierum
946 2010 1111 2078 servitute
1127 2010 1268 2104 petitam
1286 2023 1381 2078 tran-

300 2139 373 2201 seo,
388 2139 462 2207 quae
477 2115 504 2184 si
519 2111 717 2210 generaliter
730 2115 890 2204 sumitur,
901 2129 941 2184 ut
952 2116 1061 2210 prior,
1071 2129 1192 2185 contra
1202 2119 1375 2211 experien-

300 2223 381 2289 tiam
392 2234 481 2289 stare
493 2245 562 2290 non
574 2219 684 2290 valet:
700 2222 813 2290 Caesar
828 2222 963 2316 quidem
980 2220 1063 2309 l.v1,
1076 2248 1105 2292 c.
1124 2245 1182 2318 19,
1193 2222 1296 2293 dixit:
1310 2231 1379 2294 ezir

298 2331 336 2395 iu
346 2350 474 2398 uxores
484 2333 570 2397 uitae
577 2333 737 2423 necmqroe
746 2328 880 2398 habeat
879 2343 1093 2425 potestatem
1097 2356 1112 2416 ,-
1123 2343 1159 2398 at
1169 2328 1303 2419 nullibi,
1312 2355 1375 2401 nee

299 2434 389 2528 apud
402 2435 587 2523 Caesarem,
599 2459 662 2505 nec
676 2434 767 2530 apud
777 2433 880 2504 alium
892 2450 1066 2506 auctorem
1078 2438 1281 2531 reperimus,
1295 2437 1374 2507 Gal·

297 2539 348 2610 los
372 2566 415 2610 eo
430 2542 506 2635 jure
528 2539 707 2612 crudeliter
727 2540 783 2610 vel
810 2544 911 2612 ctiam
933 2542 1061 2621 duriter
1078 2567 1157 2614 usos
1175 2543 1291 2633 fuisse,
1311 2545 1375 2614 nisi

296 2671 401 2741 quum
422 2647 464 2716 de
484 2650 547 2716 viri
567 2646 716 2718 violenta
733 2663 843 2718 morte
861 2651 1006 2745 suspicio
1028 2664 1125 2721 essct.
1143 2651 1236 2739 Quin
1253 2651 1372 2741 immo,

295 2779 338 2824 ex
359 2756 431 2849 ipso
450 2757 597 2844 cesare,
610 2753 686 2826 loco
700 2757 802 2826 citato
810 2771 991 2852 ,.apparet,
1004 2757 1118 2826 omnia
1133 2759 1222 2826 inter
1232 2759 1371 2830 maritos

294 2874 330 2930 et
340 2860 480 2930 feminas
493 2860 594 2930 fuisse
603 2864 805 2950 communia,
811 2864 908 2933 sicuti
914 2864 1058 2951 victum,
1065 2863 1234 2954 vestitam,
1240 2864 1370 2955 domos,

295 2980 378 3055 ete,
391 2968 470 3036 etin
482 2965 593 3036 multis
609 2968 729 3063 praeliis
740 2969 886 3040 vidimus
900 2969 1040 3040 feminas
1049 2995 1131 3040 cum
1142 2973 1271 3041 maritis
1278 2972 1375 3066 junc-

295 3087 357 3160 tas,
372 3076 673 3167 atquc‘communis
687 3075 827 3171 periculi
838 3091 929 3146 sorte
941 3077 1122 3148 devinctas.
1135 3077 1237 3148 Unde
1246 3078 1369 3167 infero,

295 3178 411 3249 Gallos
423 3182 515 3249 omni
527 3194 679 3278 tempore
693 3197 745 3252 sat
756 3181 966 3279 indulgentes
982 3184 1083 3254 finisse
1095 3186 1249 3275 maritos,
1262 3211 1372 3281 prope

293 3285 407 3380 quales
423 3285 598 3382 descripsit
621 3290 774 3360 satiricus
792 3305 907 3360 noster
927 3291 1088 3378 Boreae,
1109 3294 1178 3362 Sat
1200 3295 1255 3362 X:

412 3464 485 3534 Car,
503 3480 588 3540 graoe
619 3480 657 3518 an
671 3459 752 3520 droit
766 3481 838 3540 recu
852 3461 924 3520 chez
940 3483 994 3522 nos
1007 3464 1165 3538 Parisicns,

411 3561 492 3615 Gens
509 3554 547 3614 de
558 3555 655 3616 douce
671 3569 794 3631 nature,
808 3570 838 3616 et
849 3561 937 3616 maris
950 3559 1027 3618 bons
1039 3560 1205 3635 chre'tiens‚

410 3657 493 3710 Dans
508 3672 554 3712 ses
566 3651 753 3732 pre'tentions
767 3675 827 3713 une
840 3654 949 3714 femme
965 3668 1010 3714 est
1023 3675 1089 3716 sans
1100 3656 1206 3716 borne.

342 3817 507 3884 Praeterea
518 3814 718 3886 feminarum
728 3815 936 3907 ,feermditam
951 3833 987 3888 et
997 3820 1174 3892 hominum
1184 3815 1366 3892 multitudo

288 3926 466 4010 immensa,
489 3920 628 4017 coelique
654 3925 756 3992 etiam
778 3925 956 4019 temperies
977 3929 1185 4002 contrarium
1207 3929 1366 4024 probant.

287 4032 403 4119 Quum
424 4029 526 4125 igitur
547 4054 610 4100 nee
640 4029 711 4126 ipse
739 4032 869 4117 Coesar,
893 4056 958 4103 nee
976 4032 1032 4103 alii
1056 4037 1238 4130 scriptores
1265 4035 1367 4106 bonae

287 4151 391 4226 notoe,
405 4136 447 4206 dc
462 4135 529 4208 hoc
539 4137 638 4226 vitio,
648 4138 742 4232 quasi
754 4135 864 4208 Gallis
870 4139 986 4229 insito,
997 4139 1197 4237 loquuntur,
1209 4141 1286 4212 inde
1297 4141 1370 4212 cols
