3000 5034
291 479 315 551 8
424 477 463 552 C.
491 483 635 552 JULII
667 484 904 556 CAESARIS
937 487 1207 558 COMMENT.

288 610 461 683 obtinebat
480 638 520 683 ac
541 616 684 685 maxime
701 615 792 711 plebi
812 633 969 713 acceptus
985 633 1075 707 erat,
1087 633 1127 688 ut
1149 619 1236 688 idem
1261 643 1360 690 cona·

286 734 398 808 retur,
416 721 613 815 persuadet,
632 723 727 816 eique
745 723 849 793 filiam
864 749 958 794 suam
970 727 1007 793 in
1023 727 1274 796 matrimonium
1292 726 1360 795 dat.

285 825 448 894 Perfacile
470 828 561 896 factu
581 853 653 898 esse
667 828 692 852 ¹⁰
705 828 768 898 illis
789 831 911 924 probat
930 846 1052 901 conata
1071 831 1249 926 perficere,
1262 858 1361 928 prop-

284 944 377 1000 terea
398 935 489 1026 quod
510 936 581 1029 ipse
603 960 670 1004 suae
688 938 832 1006 civitatis
851 940 1029 1032 imperium
1041 939 1239 1008 obtenturus
1252 953 1359 1008 esset:

283 1061 354 1106 non
376 1063 447 1108 esse
469 1039 626 1130 dubium,
640 1043 721 1136 quin
745 1045 848 1112 totius
869 1043 985 1114 Galliae
1011 1043 1193 1140 plurimum
1219 1043 1362 1114 Helvetii

282 1160 443 1238 possent:
459 1172 493 1216 se
511 1149 579 1216 suis
601 1150 705 1243 copiis
727 1174 854 1244 suoque
866 1152 1022 1220 >exercitu
1044 1149 1107 1221 illis
1129 1175 1231 1246 regna
1252 1153 1361 1219 conci·

280 1247 458 1341 liaturum,
472 1253 658 1323 confirmat.
674 1258 747 1326 Hae
761 1258 912 1326 oratione
933 1257 1086 1346 adducti,
1098 1259 1186 1327 inter
1206 1282 1242 1326 se
1253 1256 1360 1325 -fidem

281 1371 317 1425 et
330 1357 565 1451 jusjurandum
578 1361 660 1430 dant
668 1359 704 1450 ¹¹,
717 1377 768 1451 et,
781 1388 887 1457 regno
899 1379 1082 1458 occupato,
1095 1389 1156 1458 per
1168 1379 1236 1432 tres
1247 1377 1361 1457 poten·

281 1465 426 1535 tissimos
440 1491 479 1536 ac
501 1467 707 1538 firmissimos
723 1467 746 1494 ¹²
761 1469 905 1565 populos
918 1472 1019 1550 totius
1041 1468 1158 1541 Galliae
1171 1493 1242 1538 sese
1259 1471 1379 1562 potiri.-

279 1593 379 1664 posse
401 1589 546 1667 sperant.
657 1590 663 1598 ’

334 1681 394 1748 IV.
421 1683 472 1750 Ea
499 1706 552 1750 res
578 1695 616 1749 ut
637 1696 687 1749 est
711 1679 871 1760 Helvetiis
892 1704 953 1773 per
977 1680 1136 1748 indicium
1157 1682 1361 1770 enunciata,

279 1785 454 1852 moribus¹
475 1789 542 1854 suis
569 1787 803 1879 Orgetorigem
836 1810 878 1853 ex
904 1785 1046 1854 vinculis
1077 1809 1212 1854 causam
1246 1785 1359 1856 dicere

279 1905 489 1982 coegerunt:
512 1890 705 1959 damnatum
734 1914 868 1985 poenam
897 1895 988 1985 sequi
1016 1893 1209 1986 oportebat,
1222 1907 1261 1960 ut
1287 1894 1359 1988 igni

279 2010 485 2064 cremaretur
498 1996 519 2063 ².
549 1998 614 2064 Die
647 1999 827 2067 constituta
855 2021 962 2066 causae
987 1999 1157 2087 dictionis,
1175 2000 1358 2092 Orgetorix

278 2101 323 2170 ad
340 2101 503 2194 judicium
523 2127 657 2172 omnem
679 2129 774 2172 suam
791 2102 952 2174 familiam
966 2092 990 2193 ³,
1003 2106 1046 2173 ad
1064 2105 1239 2174 bominum
1252 2103 1363 2187 millia,

278 2207 418 2298 decem,
442 2208 589 2303 undique
615 2212 724 2305 coegit
748 2226 783 2279 et
816 2234 933 2281 omnes
961 2211 1097 2280 clientes
1125 2213 1355 2306 obaeratosque

278 2338 355 2382 suos
369 2304 394 2403 ⁴,
415 2340 558 2410 quorum
579 2341 739 2410 maguum
762 2341 939 2388 numerum
959 2317 1122 2407 habebat,
1135 2318 1252 2386 eodem
1273 2342 1354 2386 con-

276 2419 372 2490 duxit
396 2447 404 2490 :
429 2445 491 2517 per
512 2448 586 2513 eos,
605 2449 648 2492 ne
673 2449 810 2495 causam
838 2424 980 2514 diceret,
1000 2450 1035 2494 se
1058 2427 1181 2519 eripuit
1193 2413 1213 2491 ⁵.
1237 2425 1354 2512 Quum

275 2622 412 2690 obtinere,
423 2622 548 2695 quiinter
557 2643 618 2678 suos
629 2625 793 2691 eminet,re·
835 2622 960 2696 precipit
969 2623 1109 2693 Papinian.
1124 2622 1172 2675 lib.
1187 2639 1224 2675 rr.
1242 2620 1278 2674 de
1292 2641 1353 2676 cus-

275 2701 321 2772 gio
340 2703 450 2755 nomine
469 2703 618 2757 destitutus.
635 2704 684 2756 Ha
703 2716 792 2756 tamen
835 2702 892 2756 tod.
901 2716 929 2755 et
943 2702 1031 2755 exhib.
1039 2720 1147 2754 reorum
1159 2719 1167 2754 ε
1178 2701 1255 2770 Quod
1266 2706 1290 2754 si
1303 2722 1353 2755 uon

274 2781 354 2834 voe'es
378 2801 477 2852 regnum
499 2793 525 2834 et
547 2787 697 2853 principiano
723 2802 793 2855 saepe
835 2781 991 2848 defendatur,
1007 2781 1143 2832 invincula
1153 2781 1253 2851 publica
1265 2785 1355 2851 conjici

273 2860 534 2915 confunduntur.-
543 2861 647 2914 Ciuitate
660 2881 713 2914 sua.
729 2861 793 2914 Vox
832 2861 940 2933 jubetur,
956 2873 985 2912 ut
993 2881 1024 2912 ee
1032 2861 1137 2912 obrude
1150 2879 1248 2912 cuum
1260 2861 1335 2914 dabat.

275 2959 321 2992 sua
335 2959 350 2993 a
365 2940 463 2998 nostris
478 2943 552 2994 abest
562 2939 641 2994 codd.
878 2961 903 2995 2.
928 2941 964 2994 Ut
988 2945 1042 3010 igni
1065 2952 1215 2992 cremaretur.
1243 2940 1352 3012 Suppli·

318 3037 360 3073 10.
382 3022 503 3088 Perfacile
512 3023 586 3091 sactu
600 3041 663 3084 esse,
680 3033 725 3074 ete.
741 3023 794 3074 De·
835 3020 908 3076 cium
917 3021 1045 3074 usitatum
1056 3020 1194 3086 barbaris,
1203 3019 1351 3091 praesertim

272 3112 405 3154 monstrat
414 3101 467 3154 illis
482 3119 537 3154 esse
552 3101 708 3154 facillimum
721 3120 793 3156 exse·
833 3100 1026 3172 perduellionis
1038 3119 1124 3154 cansa.

271 3180 319 3250 qui
333 3180 456 3253 incoepta.
877 3183 904 3235 3.
926 3182 1065 3235 Familiam.
1086 3182 1128 3232 Ita
1143 3180 1292 3234 Romanus
1310 3181 1351 3232 fe-

318 3278 362 3313 11.
380 3260 792 3332 interammensem
835 3239 1090 3316 mutam'uescrmt:
1109 3261 1351 3330 ouvuupos·
1435 3310 1442 3322 ,

272 3339 341 3393 dant,
357 3341 498 3413 Eleganter
512 3340 615 3396 dictum
629 3343 688 3394 dare
700 3341 790 3412 fidem,
834 3342 995 3397 sessionibus
1001 3344 1058 3414 ejus
1064 3359 1094 3393 ac
1100 3340 1299 3403 rusticae-ebus,
1306 3341 1350 3392 vel

272 3438 324 3491 pro
346 3420 400 3474 fide
428 3422 585 3494 interposita
609 3422 741 3494 polliceri,
764 3435 792 3477 et
834 3422 864 3474 in
881 3422 1054 3493 vectigalibus
1072 3417 1226 3473 exercendis
1241 3436 1351 3488 operam
1454 3417 1456 3422 ’

272 3499 331 3552 dare
341 3503 526 3573 jusjurandum,
539 3522 590 3574 pro
604 3522 632 3556 se
640 3505 791 3575 juramento
834 3500 959 3555 dabant»
980 3497 1049 3563 (Les
1064 3500 1231 3570 domoque,
1248 3498 1282 3548 les
1298 3517 1350 3548 em·

271 3581 446 3654 obstringere.
830 3583 917 3653 play&
928 3581 1033 3631 auache's
1045 3581 1062 3630 ὰ
1072 3580 1098 3628 la
1111 3572 1227 3639 maison.)

317 3677 361 3713 η.
382 3663 552 3715 Fimissimos.
569 3662 610 3713 Al.
628 3659 788 3727 fortissimos,
874 3668 901 3723 4.
926 3659 1097 3727 Oboeratosque
1114 3675 1177 3707 suos.
1195 3654 1349 3723 Obaeratrn,

272 3739 442 3810 eglossa.-
455 3741 514 3792 Tres
524 3744 716 3812 potentissimos,
732 3740 788 3793 scil.
832 3757 885 3791 tene
906 3738 992 3789 alieno
1015 3735 1177 3800 obstrictus,
1193 3746 1220 3787 et
1241 3731 1348 3788 debitor

272 3817 425 3890 Sequanos,
439 3818 542 3872 AEdnos
557 3831 584 3872 et
597 3818 741 3871 Helvetios.
832 3815 866 3869 ad
879 3813 981 3886 alirprid
993 3811 1174 3886 operandum
1187 3826 1229 3880 et,
1243 3827 1275 3866 ut
1286 3816 1347 3868 vult

312 3899 379 3952 Cu’.
391 3900 441 3951 IV.
458 3917 484 3951 1:
495 3899 606 3952 Moribus
616 3902 673 3950 suis.
690 3896 723 3950 Id
735 3909 788 3964 est,
831 3898 920 3949 Varro
929 3895 947 3947 l.
958 3913 1002 3961 vr,
1012 3893 1047 3948 de
1057 3894 1201 3966 lingualat,
1213 3893 1293 3961 Liber,
1305 3900 1348 3966 qai

271 3977 383 4049 legibus.
401 3977 478 4031 Idem
504 3976 576 4051 apud
596 3989 706 4030 ceteros
733 3978 788 4030 iere
831 3996 887 4028 suas
901 3995 985 4046 operas
1004 3979 1030 4026 in
1044 3978 1168 4037 servitute,
1180 3994 1228 4046 pro
1241 3977 1345 4044 pecnnia

271 4069 381 4110 cunctos
400 4059 529 4130 populos,
543 4069 575 4110 nt
587 4057 680 4129 capitis
695 4068 788 4129 postu·
831 4075 902 4127 quam
909 4054 1004 4119 debeat,
1013 4055 1074 4118 dat,·
1085 4053 1260 4117 malm,
1270 4073 1345 4106 nexus

270 4136 332 4189 latis
341 4155 397 4190 non
411 4138 463 4190 nisi
476 4138 620 4191 incarcere
636 4157 663 4191 se
673 4155 788 4211 purgare
830 4148 940 4199 vocatia,
952 4148 978 4188 et
991 4135 1022 4188 ab
1038 4155 1099 4198 oere,
1116 4135 1243 4187 obaeratus.

272 4216 453 4270 liceat-Ee
467 4219 586 4278 bimatu,
601 4216 630 4270 id
646 4230 697 4283 est,
710 4218 786 4270 vinc-
873 4217 899 4270 5.
919 4215 952 4269 Se
977 4220 1070 4287 erpuit.
1094 4217 1250 4286 Anonymus
1272 4212 1343 4265 Celsi

274 4311 332 4352 tum
346 4287 431 4352 lacere
445 4299 527 4356 verba
541 4309 692 4370 coegerunt.
710 4295 788 4352 Idem
829 4296 1132 4370 eucriptor,incarcere
1142 4305 1278 4350 mortuum
1291 4291 1340 4347 ait:

1466 4410 1471 4419 ·
