3000 5034
307 520 357 593 90
473 500 680 569 c.Jun11
709 496 942 569 cnssms
969 499 1243 570 couneus.

305 634 462 703 transisse
493 648 758 729 conspexerant,
779 631 950 729 praedandi
979 658 1079 704 causa
1109 634 1254 728 egressi,
1273 652 1378 725 quum

306 743 526 834 respexissent
547 758 581 811 et
600 743 713 811 hostes
734 742 769 810 in
789 742 911 810 nostris
933 742 1049 811 castris
1065 742 1190 810 versari
1205 739 1379 823 vidissent,

306 850 490 943 proeoipite's
512 849 599 945 fugae
618 874 688 919 sese
709 848 921 917 mandabant.
948 846 1052 917 Simul
1074 870 1210 935 eorum,
1224 846 1280 941 qui
1302 867 1382 914 cum

300 954 550 1049 'impedimentis
571 956 766 1044 veniebant,
785 955 912 1025 clamor
932 955 1147 1049 fremitusque
1171 948 1382 1036 oriebatur⁷,

307 1059 426 1155 aliique
457 1062 554 1133 aliam
589 1065 623 1132 in
658 1077 789 1159 partem
820 1063 987 1157 perterriti
1016 1062 1216 1131 ferebantur.
1248 1057 1382 1149 Quibus

307 1169 461 1238 omnibus
490 1170 589 1240 rebus
619 1171 763 1265 permoti
793 1171 919 1263 equites
947 1171 1099 1256 Treviri,
1122 1191 1265 1262 quorum
1294 1167 1384 1232 inter

308 1274 422 1344 Gallos
440 1278 571 1346 virtutis
593 1278 705 1371 opinio
727 1291 777 1345 est
798 1276 990 1371 singularis,
1007 1276 1064 1369 qui
1085 1274 1195 1344 auxilii
1216 1296 1317 1343 causa
1338 1269 1384 1339 ab

307 1382 440 1452 civitate
468 1385 559 1453 missi
587 1384 629 1452 ad
655 1387 821 1453 Caesarem
848 1396 1028 1470 venerant,
1045 1406 1149 1477 quum
1171 1377 1383 1449 multitudine

307 1487 453 1559 hostium
475 1506 585 1559 castra
606 1506 720 1562 nostra
748 1490 928 1586 compleri,
949 1489 1094 1584 legiones
1115 1490 1221 1583 premi
1242 1501 1276 1555 et
1295 1508 1383 1581 pene

308 1595 552 1667 circumventas
574 1600 695 1687 teneri,
712 1597 862 1685 colones,
880 1599 1026 1690 equites,
1044 1594 1247 1681 funditores,
1263 1592 1383 1663 Numi·
1403 1678 1407 1684 ,

308 1700 387 1790 dos,
402 1691 569 1773 diversos⁸
582 1705 822 1799 dissipatosque
843 1705 877 1771 in
898 1728 1014 1772 omnes
1029 1717 1140 1797 partes
1155 1700 1270 1795 fugere
1288 1698 1386 1767 vidis·

308 1823 398 1908 seut,
407 1810 595 1905 ‚desperatis
616 1813 738 1880 nostris
759 1811 873 1899 rebus,
887 1810 1026 1878 domum
1041 1807 1305 1878 contenderunt:
1318 1808 1386 1873 Ro·

308 1938 425 1984 manos
437 1916 550 2010 pulsos
560 1918 938 2011 superatosque,castris
949 1916 1256 2011 impedimentisque
1265 1938 1384 1982 eorum

309 2018 421 2090 hostes
443 2024 584 2117 potitos,
601 2025 725 2092 civitati
746 2025 1035 2093 renunciaverunt

361 2130 471 2218 XXV.
505 2132 636 2219 Caesar,
662 2130 704 2199 ab
732 2132 868 2201 decimae
902 2130 1039 2225 legionis
1072 2123 1325 2199 cohortatione¹
1342 2125 1386 2193 ad

309 2231 463 2305 dextrum
486 2262 591 2320 cornu
622 2238 812 2332 profectus,
832 2238 890 2305 ubi
907 2263 985 2307 suos
1005 2223 1137 2331 urgeri,
1158 2235 1324 2329 signisque
1350 2233 1386 2299 in

309 2364 414 2410 unum
432 2340 543 2412 locum
565 2342 691 2414 collatis
704 2344 908 2414 duodecimae
925 2344 1071 2475 legionis
1080 2342 1248 2413 confertos
1266 2338 1387 2407 milites

310 2446 398 2515 sihi
389 2475 477 2544 ipsos
484 2447 548 2519 'ad
563 2476 711 2546 pugnam
725 2477 796 2521 esse
812 2436 1071 2589 impedimento³
1080 2462 1225 2544 ,quartae
1237 2446 1387 2517 cohortis

310 2557 465 2626 omnibus
496 2560 755 2629 Centurionibus
777 2560 894 2629 occisis
903 2545 1171 2653 ⁴,Signiseroque
1189 2553 1387 2641 interfecto,

310 2662 404 2755 signo
430 2666 576 2760 amisso,
587 2664 789 2761 reliquarum
819 2665 1009 2735 cohortium
1030 2664 1185 2733 omnibus
1206 2661 1275 2730 fere
1298 2663 1386 2729 Cen·

310 2771 496 2839 turionihus
519 2785 577 2839 aut
595 2770 796 2860 vulneratis,
814 2787 873 2840 aut
894 2772 1029 2860 occisis,
1044 2772 1079 2839 in
1097 2771 1149 2839 his
1169 2751 1372 2862 Primopilo⁵
1375 2818 1386 2853 ,

309 2874 345 2941 Ρ.
378 2878 490 2946 Sextio
517 2862 667 2947 Baculo⁶
668 2879 882 2967 ,fortissimo
909 2880 1003 2967 viro,
1021 2877 1133 2946 multis
1164 2874 1388 2970 gravibusque
1428 2869 1431 2877 ’
1491 2899 1495 2904 ·

309 2979 502 3070 vulneribus
533 2984 712 3073 confecto,
739 2998 779 3054 ut
804 2986 874 3079 jam
910 3011 945 3055 se
971 2933 1130 3054 sustinere
1159 3008 1227 3050 non
1254 2994 1388 3077 posset,

309 3084 451 3182 reliquos
474 3116 544 3160 esse
565 3092 749 3181 tardiores3
764 3108 798 3162 et
818 3090 996 3162 nonnullos
1011 3091 1052 3160 ab
1071 3090 1255 3161 novissimis
1276 3089 1388 3157 deser·

358 3309 384 3360 7.
411 3291 549 3346 oriebatur.
576 3294 618 3346 Al.
644 3294 825 3347 excutiebatur.
870 3298 931 3347 riou.
947 3297 1037 3346 occisis.
1051 3291 1186 3345 Plutarch.
1201 3290 1231 3342 iu
1244 3289 1310 3343 Cres.
1326 3307 1386 3361 cap.

310 3370 380 3423 Male
395 3384 423 3425 et
437 3384 530 3426 eontra
545 3371 624 3427 codd.
872 3394 920 3436 uo,
934 3392 950 3425 a
959 3373 1065 3426 Nerviis
1073 3372 1163 3425 fusum
1170 3369 1318 3441 equitatum
1330 3372 1388 3439 ejus

351 3452 687 3518 8.Diveruos.lrlest,rlios
695 3455 825 3509 aliolooo.
869 3452 989 3518 dicit‚et
1004 3453 1118 3524 Appian.
1139 3452 1228 3522 ipsum
1249 3450 1330 3501 fuisse
1352 3449 1387 3501 ab

349 3530 415 3585 Cur.
432 3534 522 3587 XXV.
543 3553 567 3588 1.
586 3534 672 3587 Coesor
684 3535 715 3586 ab
729 3535 827 3586 deciruoe
869 3534 902 3587 iis
908 3535 1044 3587 obsessm
1050 3532 1078 3583 in
1086 3532 1214 3601 colloque
1221 3529 1385 3599 confugerat.

310 3613 411 3681 legionis
423 3614 598 3676 cohortatione,
614 3626 658 3667 etc.
670 3613 735 3669 Viti.
749 3614 826 3667 XXI.
912 3613 938 3667 5.
955 3612 986 3665 In
998 3614 1037 3662 lo
1046 3611 1184 3682 primopilo.
1201 3607 1235 3661 Id
1250 3621 1291 3661 est
1303 3607 1386 3679 primi

309 3691 381 3762 Lips.
392 3692 475 3747 Elect.
485 3694 528 3759 11,
544 3713 572 3764 7,
585 3696 647 3747 satis
661 3693 785 3747 audacter
799 3705 827 3746 et
868 3693 918 3765 pili
933 3691 1098 3755 centurione,
1107 3690 1154 3761 qui
1167 3689 1271 3761 primus
1281 3688 1387 3740 triario-

309 3772 366 3823 siue
384 3774 540 3827 auctoritate
554 3773 683 3845 proponit
699 3793 706 3827 :
725 3772 824 3835 Coesur,
869 3791 931 3824 rum
937 3772 1068 3835 centaurio,
1074 3767 1292 3823 sivetriariorirm
1297 3768 1386 3840 primu

309 3870 362 3903 cum
377 3852 475 3905 deoinroe
486 3854 586 3924 legionis
598 3854 700 3906 cohorte.
869 3853 897 3903 iu
903 3852 1013 3903 cohorte
1019 3850 1158 3921 manipulo
1163 3856 1286 3920 proterat,
1290 3861 1317 3900 et
1322 3846 1385 3899 reli·

352 3952 377 3986 ι.
400 3932 455 3986 Sibi
475 3938 546 4005 ipsos.
564 3935 604 3987 Ita
627 3932 705 3987 ootlri.
720 3934 826 4004 Vulgo,
869 3937 937 4002 quos'
944 3931 1113 3983 centuriones
1121 3928 1385 4001 dignitatemteibat,

266 4080 268 4082 ‚
308 4010 432 4084 sibiipsis.
449 4014 517 4067 Item
530 4014 617 4067 nosui
632 4012 711 4068 codd.
727 4014 784 4066 RR.
868 4011 925 4063 imo
936 4009 1033 4064 ductor
1044 4030 1139 4063 eorum
1150 4022 1215 4062 erat.
1228 4008 1385 4079 Primipilus

352 4093 377 4145 3.
386 4095 563 4165 Inpedimenta.
578 4096 642 4148 Post
656 4095 710 4147 hoe
722 4091 827 4145 addunt
868 4110 899 4144 ac
913 4091 1073 4164 primopilus
1087 4109 1162 4161 aeque
1176 4088 1284 4142 dicitur.

308 4174 434 4226 nonnulli
447 4175 520 4227 uidit.
533 4176 650 4229 Frustra.
910 4176 937 4225 6.
952 4173 1055 4225 Baculo.
1070 4169 1138 4224 cod.
1150 4175 1241 4223 nostor
1249 4171 1282 4222 R.
1297 4167 1384 4238 5764,
1463 4214 1470 4229 ,

351 4258 377 4315 ri.
397 4254 603 4323 Quartaecolrort.
623 4254 730 4307 omnihus
743 4264 825 4306 centu·
868 4254 971 4316 Portio,
986 4272 1038 4325 pro
1049 4251 1154 4305 Baculo.
1207 4296 1210 4300 ,
