3000 5034
298 484 567 570 ocaeano
595 502 843 573 eunuco.
872 504 966 574 ma
994 506 1084 578 νη.
1163 506 1234 605 39¹

167 627 372 723 conjiciuut3
390 632 465 723 alii,
487 633 651 703 testudine
672 634 781 723 facta,
799 636 963 726 subeunt3
986 636 1172 735 defatigatis
1189 644 1239 711 in·

166 739 273 806 vicem
296 740 416 835 integri
442 741 633 811 succedunt.
655 743 790 837 Agger,
812 742 855 811 ab
876 733 1058 815 universis⁴
1075 748 1110 815 in
1131 750 1240 819 muni·

166 845 290 913 tionem
312 847 504 939 conjectus,
518 862 552 916 et
565 870 738 919 ascensum
760 850 818 919 dat
836 848 960 939 Gallis,
980 864 1012 920 et
1034 876 1087 942 ea,
1111 876 1184 947 quae
1206 858 1241 923 in

165 964 289 1020 terram
313 952 563 1024 occultaverant
588 956 755 1045 Romani,
777 960 947 1053 contegit:
968 982 1031 1029 nec
1054 960 1125 1055 jam
1148 982 1242 1030 arma

166 1061 309 1147 nostris,
331 1085 393 1130 nec
415 1062 502 1131 vires
521 1076 711 1157 suppetunt.
732 1145 735 1154 Ι
1285 1058 1289 1077 ⁸

218 1168 410 1237 LXXXVI.
439 1170 499 1237 His
519 1170 619 1240 rebus
639 1172 804 1264 cognitis,
825 1173 939 1240 Caesar
957 1172 1143 1242 Labienum
1165 1196 1243 1243 cum

166 1271 360 1343 cohortibus
384 1277 434 1344 Vl
456 1276 602 1345 subsidio
627 1274 855 1347 laborantibus
883 1278 1008 1347 mittit:
1030 1280 1193 1375 imperat,
1216 1281 1243 1349 si

166 1381 329 1449 sustinere
337 1405 406 1450 non
415 1383 531 1477 possit,
539 1383 689 1453 deductis
701 1383 896 1454 cohortibus
905 1386 1079 1478 eruptione
1088 1385 1243 1481 pugnet¹3

165 1484 219 1571 id,
242 1488 304 1555 nisi
325 1491 534 1578 necessario,
554 1514 596 1558 ne
618 1489 726 1560 faciat.
749 1493 827 1586 Ipse
849 1489 918 1561 adit
938 1488 1103 1585 reliquos3
1121 1490 1242 1562 celtor-

166 1604 279 1680 tatur,
297 1617 340 1661 ne
362 1593 468 1664 labori
485 1596 727 1685 succumbant,
744 1598 894 1666 omnium
916 1599 1125 1691 superiorum
1147 1594 1243 1667 dimi·

166 1699 335 1767 cationum
359 1700 504 1771 fructum
526 1704 560 1773 in
578 1728 619 1773 eo
640 1702 693 1774 die
714 1718 814 1797 atqua
833 1704 918 1773 hora
936 1704 1034 1773 docet
1052 1705 1241 1775 consistere.

166 1805 346 1883 Interiores
359 1806 382 1896 ²,
399 1808 581 1903 desperatis
599 1810 841 1905 campestribus
858 1808 939 1881 locis
957 1826 1096 1906 propter
1115 1812 1243 1905 magni·

166 1910 316 1981 tudinem
335 1917 558 1985 munitionum
565 1902 589 2004 ³,
608 1915 681 1985 loca
698 1930 868 2013 praempta
884 1942 924 1987 ex
941 1941 1081 1987 ascensu
1097 1932 1242 1986 tentant:

168 2017 234 2088 huc
249 2044 288 2087 ea
298 2044 398 2117 ,qua
411 2038 633 2118 paraverant,
650 2024 829 2095 conferunt
845 2050 852 2093 ι
868 2020 1079 2095 multitudine
1100 2023 1243 2093 telorum

166 2148 209 2192 ex
230 2127 377 2196 tunibus
403 2146 652 2225 propugnantes
678 2130 878 2202 deturbant:
901 2156 1022 2227 aggere
1044 2145 1078 2200 et
1099 2131 1244 2201 cratibus

168 2230 273 2302 fossas
287 2234 440 2328 explent,
453 2238 560 2307 aditus
578 2225 796 2333 expediunt⁴z
817 2236 957 2309 falcibus
974 2237 1100 2306 vallum
1114 2262 1154 2306 ac
1166 2237 1243 2307 lori·

168 2363 242 2409 cam
264 2341 465 2411 rescindunt.

223 2449 432 2517 LXXXVII.
462 2452 575 2520 Caesar
588 2448 690 2519 mittit
705 2451 814 2546 primo
827 2447 987 2519 Brutum¹
1001 2447 1244 2519 adolescentem

170 2577 247 2622 cum
269 2554 463 2625 cohortibus
478 2558 541 2645 VI,
555 2571 647 2652 post,
658 2581 735 2626 cum
747 2555 818 2627 aliis
835 2556 921 2644 VII,
936 2558 975 2626 C.
994 2556 1133 2624 Fabium
1155 2554 1244 2651 lega·

169 2673 242 2729 tum
255 2685 263 2729 :
277 2675 448 2757 postremo
463 2665 550 2759 ipse,
561 2688 665 2760 quum
678 2664 908 2733 vehementius
924 2676 1144 2759 pugnaretur,
1161 2664 1244 2731 inte·

218 2850 245 2907 Δ.
261 2844 361 2916 Agger,
382 2845 414 2897 al
431 2852 561 2912 universis,
575 2860 620 2902 etc.
635 2849 687 2920 Ag·
727 2861 755 2901 at
769 2847 946 2903 necessarium
969 2859 1020 2913 est,
1039 2857 1066 2899 at
1086 2864 1125 2918 gr.
1142 2846 1241 2919 interp.

171 2941 227 2994 ger,
233 2935 303 2977 terra
312 2940 445 2999 congesta,
451 2929 624 2993 accumulata,
632 2947 685 3000 qua
727 2929 817 2981 habet.
834 2930 872 2981 Ea
888 2940 991 2992 autem,
1004 2928 1084 2981 adias
1100 2928 1242 2999 ecpeds'uut,

171 3004 607 3080 fosus,talcas‚scr0besetcippos
615 3027 686 3061 eom·
727 3027 785 3063 nou
796 3009 886 3063 minus
901 3009 1046 3061 ommia
1062 3020 1140 3072 sunt,
1153 3008 1204 3061 etsi
1215 3008 1244 3061 iu

171 3084 247 3155 plent
254 3122 263 3150 ,
270 3097 302 3138 ut
307 3088 430 3157 saprade
438 3125 446 3152 ,
455 3091 633 3158 pnomsorsas
643 3107 686 3141 ex·
728 3087 808 3141 codd.
815 3090 955 3161 permultis
961 3106 1016 3141 non
1026 3098 1167 3160 apparent,
1176 3106 1245 3159 praa-

168 3165 250 3235 pleat,
267 3177 295 3218 et
306 3168 388 3237 paulo
397 3178 459 3238 post
472 3168 520 3221 86.
728 3170 822 3223 sertim
831 3169 859 3221 itt
870 3168 969 3222 nostris
981 3166 1059 3222 codd.
1067 3204 1074 3233 ,
1082 3164 1155 3220 uncle
1163 3168 1247 3239 aliqui

212 3244 279 3298 Car.
294 3246 448 3300 LXXXVI.
464 3264 489 3300 t.
501 3249 606 3317 Pugnet.
622 3248 687 3313 atti,
729 3249 787 3301 baec
794 3247 921 3301 dixerunt
935 3266 990 3301 esse
1010 3248 1246 3319 interpretamenta

167 3338 299 3395 pugnum.
315 3327 402 3392 Male,
412 3341 439 3380 et
449 3340 542 3380 contra
548 3338 684 3398 grammat.
729 3346 827 3381 vocum
833 3326 1133 3399 praecedentiumffossas
1141 3326 1246 3397 explent·

216 3424 241 3458 a.
256 3407 392 3461 Interiores.
409 3408 526 3461 Obsessi.
730 3418 824 3479 utpote
835 3424 895 3478 qua
902 3406 974 3459 idem
980 3407 1245 3477 significarentmam

215 3485 242 3538 3.
256 3486 363 3558 Propter
376 3488 564 3557 magnitudinem
578 3490 689 3540 munitio·
730 3506 816 3559 Qum
836 3488 906 3541 fossa
926 3486 1062 3557 expletur,
1084 3484 1171 3539 aditus
1181 3502 1247 3557 prta·

173 3582 238 3617 moa.
254 3564 323 3619 Inde
337 3580 440 3621 constat
458 3568 517 3620 loca
531 3568 688 3640 campestria
730 3568 826 3620 betur:
843 3579 871 3620 at
882 3566 950 3620 illud
967 3584 1073 3639 quoque
1085 3566 1181 3619 falsum
1198 3577 1246 3619 est.

173 3656 201 3697 et
209 3644 322 3699 demissa
335 3649 422 3702 multo
430 3648 577 3701 accuratius
583 3648 689 3700 munita
731 3648 804 3700 Nam
816 3658 913 3718 prater
922 3647 1011 3712 fossa,
1019 3658 1095 3699 erant
1104 3646 1155 3698 alia
1164 3646 1246 3718 impe-

174 3726 263 3779 fuisse.
279 3727 386 3780 Etenim
400 3746 446 3793 ea,
462 3746 521 3800 quat
535 3746 615 3799 supra
628 3726 689 3781 des·
731 3726 859 3793 dimeuta,
867 3740 894 3781 et
905 3726 1014 3799 quidem
1025 3726 1149 3790 maxima,
1163 3736 1194 3777 ut
1202 3736 1245 3780 ta·

174 3805 331 3877 cripsimns‚
340 3808 397 3861 scil.
414 3808 503 3874 talem
517 3809 588 3874 lilia,
601 3808 688 3881 cippi,
731 3809 794 3874 lete,
809 3809 882 3873 lilia,
892 3808 982 3881 cippi,
997 3818 1047 3859 etc.
1072 3816 1180 3859 atcerte
1192 3807 1245 3858 los·

174 3904 231 3939 non
243 3898 387 3957 potuerant
398 3901 470 3943 recte
481 3889 563 3943 locari
578 3889 608 3941 in
623 3889 689 3944 locis
731 3890 767 3942 sis
777 3890 897 3960 expletis,
903 3887 989 3941 aditam
996 3898 1072 3939 erant
1077 3884 1244 3957 expediendi.

173 3966 324 4038 praeruptis.
731 3970 848 4041 Vulgata
861 3970 942 4041 igitur
956 3967 1036 4021 lectio
1056 3964 1184 4021 servanda
1198 3976 1246 4019 est.

217 4048 577 4118 d.Aggereetcr-atilusfossas
585 4050 687 4119 explent,
773 4050 838 4103 Can.
855 4048 1022 4101 LXXXVII.
1038 4047 1183 4100 1.Brutwn.
1194 4048 1245 4099 De·

175 4126 256 4179 aditus
276 4128 412 4199 expediam.
433 4128 577 4195 Nonnulli,
597 4128 690 4184 invitis
732 4129 833 4183 cimam
840 4129 1003 4192 Brutum,ut
1011 4138 1115 4198 putant.
1124 4126 1160 4181 Et
1167 4144 1245 4203 grue.

175 4204 255 4260 cedd.
273 4210 302 4263 ab
322 4212 407 4275 foues
425 4210 524 4281 &pleat
543 4210 689 4276 omittunt,
732 4211 845 4280 interpr.
859 4208 940 4263 habet
952 4209 1044 4261 Διίιιον.

1014 4301 1088 4386 25⁴
