3000 5034
262 498 334 549 120
390 475 429 541 C.
456 468 611 540 JULII
639 469 891 563 CAESARIS
918 468 1210 539 COMMENT.

257 606 511 692 Sabinus,.suos.
522 583 689 689 hortatus,
704 602 912 695 cupientibus
927 603 1058 695 signum
1076 601 1141 670 dat
1157 601 1328 696 Impeditis

255 712 408 783 hostibus
430 724 568 805 propter
588 732 644 795 ea,
662 732 735 802 quae
753 706 920 795 ferebant,
932 731 1050 796 onera,
1068 707 1178 777 subito
1199 707 1330 777 duabus

256 820 363 913 portis
384 818 592 911 eruptionem
618 815 689 883 fieri
713 814 817 908 jubet
841 817 988 883 Factum:
1005 828 1056 883 est
1081 816 1330 908 opportunitate

257 923 339 1011 loci,
354 924 510 993 hostium⁴
523 922 694 991 inscientia
708 945 747 989 ac
766 920 1019 1015 defatigatione,
1032 922 1155 989 virtute
1172 919 1330 1008 militum,

257 1030 468 1125 superiorum
483 1052 671 1123 pugnarum
688 1028 938 1115 exercitatione,
948 1042 987 1095 ut
1004 1052 1047 1095 ne
1057 1050 1164 1095 unum
1178 1022 1331 1121 quidem²

257 1151 450 1205 nostrorum
474 1137 640 1229 impetum
660 1134 807 1220 ferrent,
834 1134 1005 1203 aestatim
1033 1147 1127 1227 terga
1153 1147 1329 1201 verterent

258 1244 354 1331 Quo's
376 1242 551 1337 impeditos
572 1240 853 1334 integrisviribus
874 1239 993 1309 milites
1019 1241 1124 1309 nostri
1144 1240 1332 1328 consecuti,

257 1372 418 1442 magnum
447 1372 624 1416 numerum
652 1371 769 1415 eorum
797 1345 1014 1433 occiderunt;
1037 1344 1180 1439 reliquos
1206 1347 1333 1439 equites

258 1455 457 1541 consectati,
469 1478 611 1547 paucos,
624 1454 681 1546 qui
699 1478 740 1520 ex
754 1452 834 1546 fuga
847 1467 1035 1540 evaserant,
1049 1450 1261 1546 reliquerunt.
1278 1454 1333 1521 stc

259 1586 328 1629 uno
355 1574 523 1654 tempore,
544 1574 584 1627 et
605 1558 646 1627 de
667 1558 777 1627 navali
797 1582 910 1653 pugna
928 1558 1084 1645 Sabinus,
1103 1573 1145 1627 et,
1157 1557 1199 1626 de
1220 1559 1333 1627 Sabini

258 1667 400 1735 victoria
421 1668 533 1737 Caesar
553 1666 684 1733 certior
697 1664 824 1732 factus:
842 1666 1055 1757 civitatesque
1076 1689 1193 1733 omnes
1211 1689 1246 1733 se
1267 1679 1333 1733 sta·

259 1774 320 1841 tim
356 1772 483 1839 Titurio
511 1769 717 1839 dediderunt.
749 1772 861 1856 Nam,
881 1784 920 1837 ut
947 1770 991 1837 ad
1012 1768 1097 1838 bella
1126 1771 1335 1865 suscipienda

261 1876 436 1948 Gallorum
457 1874 566 1944 alacer
593 1900 631 1944 ac
659 1889 907 1969 promptusest
927 1877 1078 1963 animus,
1098 1878 1145 1946 sic
1165 1876 1274 1947 mollis
1294 1902 1334 1948 ac

259 1986 395 2053 minime
423 1984 577 2052 resistens
605 1982 647 2050 ad
677 1978 879 2051 calamitates
907 1982 1120 2076 perferendas
1152 2008 1245 2052 mens
1278 2009 1334 2053 eo-

258 2114 335 2159 rum
349 2074 426 2158 est³.

313 2199 389 2265 XX.
413 2196 542 2265 Eodem
564 2197 633 2266 fere
655 2213 807 2293 tempore
826 2199 862 2266 P.
882 2200 1040 2285 Crassus,
1057 2222 1160 2291 quum
1181 2200 1216 2266 in
1236 2197 1338 2293 Aqui

259 2304 383 2371 taniam
412 2304 640 2397 pervenisset,
660 2329 855 2398 quispam,
882 2318 921 2373 ut
946 2318 1024 2372 ante
1051 2305 1277 2392 dictumest,
1300 2320 1336 2373 et

259 2410 434 2503 regionum
463 2408 633 2479 latitudine
661 2425 695 2479 et
720 2409 930 2479 multitudine
961 2410 1136 2479 hominum
1167 2435 1208 2479 ex
1238 2412 1336 2480 tertia

259 2529 354 2610 parte
368 2514 500 2585 Galliae¹
515 2531 566 2585 est
574 2517 784 2603 *aestimandm
797 2542 901 2610 quum
920 2515 1130 2611 intelligeret,
1142 2518 1176 2584 in
1188 2516 1240 2585 his
1254 2516 1335 2587 locis

258 2622 322 2718 sibi
344 2621 467 2691 bellum
485 2622 685 2716 gerendum,
698 2622 757 2691 ubi
773 2625 886 2718 paucis
903 2638 980 2691 ante
1001 2620 1113 2691 annis'
1127 2626 1164 2692 L.
1180 2622 1335 2693 Valerius

260 2730 474 2799 Praeconinus
504 2732 649 2822 Legatos
662 2714 687 2816 ³,
706 2731 854 2797 exercitu
878 2728 994 2824 pulso,
1017 2728 1211 2798 interfectus
1231 2743 1334 2818 esset,

260 2911 419 2983 plerumque
442 2921 638 2964 consternatum
658 2922 685 2964 et
702 2911 778 2983 pavi·
821 2930 901 2983 quam
930 2912 1066 2979 virorum,
1090 2925 1224 2985 postrema
1246 2915 1335 2966 minus

261 2989 326 3043 dum
341 3003 418 3062 atque
434 2990 514 3043 etiam
529 3003 666 3042 mortuum
678 3002 764 3044 notat.
821 3010 902 3063 quem
920 2992 1079 3045 feminarum
1097 3011 1161 3046 esee.
1173 3018 1185 3040 ι

304 3089 328 3121 a.
345 3071 385 3123 Ne
404 3090 476 3122 rorum
497 3070 597 3142 quidem.
621 3071 779 3123 ciacconius
861 3072 927 3124 Cer.
946 3072 1009 3125 XX.
1040 3092 1064 3125 1.
1086 3074 1131 3124 Eo
1148 3077 1222 3124 tertia
1241 3073 1334 3127 Gallia

260 3149 382 3219 reposuit
396 3170 425 3201 ne
433 3152 538 3219 primum
545 3150 647 3222 quidem.
655 3150 778 3217 Frustra
818 3164 897 3221 parte.
910 3152 1019 3203 Insolito
1028 3146 1147 3217 locutio;
1159 3150 1248 3219 idest,
1257 3152 1334 3205 tertia

261 3246 323 3280 nam
339 3229 434 3283 usitata
450 3242 476 3281 et
487 3230 612 3283 solemnis
622 3242 712 3282 nostra
723 3231 778 3283 lec·
821 3230 914 3283 Gallia
928 3249 990 3301 pers
1002 3230 1154 3284 aestimanda
1165 3245 1212 3285 est.

261 3306 372 3379 tiooptt.
379 3310 480 3381 scriptt.
490 3310 575 3371 Livio,
585 3311 601 3362 l.
608 3328 689 3375 xxm,
697 3315 777 3376 &4²3
864 3330 889 3364 a.
908 3310 957 3362 Ubi
964 3315 1053 3380 paneis
1067 3323 1123 3362 ante
1138 3316 1215 3364 mnis.
1231 3314 1284 3366 Res
1297 3312 1334 3365 vi·
1378 3357 1382 3361 .

262 3384 366 3453 Tacito,
381 3390 450 3441 Anu.
461 3392 491 3454 1,
508 3390 559 3455 51,
572 3402 598 3442 et
614 3390 678 3442 aliis.
687 3389 777 3441 Usita.·
821 3386 900 3442 detur
909 3402 981 3460 gesta
992 3391 1063 3442 bello
1073 3390 1239 3457 Sertoriano,
1249 3411 1333 3463 quum

262 3467 317 3519 tior
330 3479 419 3521 tamen
434 3470 476 3523 vel
486 3470 583 3522 Caesari
596 3481 622 3522 et
635 3469 736 3539 scriptt.
747 3470 776 3521 h.
817 3474 903 3539 paucis
918 3481 973 3520 ante
988 3474 1058 3522 annis
1072 3469 1102 3521 id
1116 3471 1237 3523 evenime
1247 3472 1335 3541 Caesar

261 3546 280 3599 l.
290 3546 376 3599 citatis
385 3549 498 3601 formula
510 3553 664 3619 :reprimam
674 3549 776 3619 parilem.
820 3549 963 3621 scripserit.
975 3550 1043 3601 Nom
1055 3550 1202 3621 Aquitanos
1216 3550 1334 3603 Sertorio

262 3624 327 3678 vid.
345 3646 423 3699 snpra
438 3642 465 3681 et
479 3630 498 3681 l.
512 3647 556 3693 vr,
566 3642 593 3681 et
602 3628 660 3681 Lir.
673 3628 691 3681 l.
709 3648 777 3694 ux,
820 3628 914 3681 favisse
926 3640 1007 3699 patet,
1022 3648 1054 3682 ex
1067 3630 1204 3682 Ciceronis
1214 3629 1334 3683 oratione

262 3716 289 3757 et
304 3707 367 3758 alibi
379 3709 486 3778 passim.
512 3749 514 3755 .
820 3726 871 3778 pro
885 3708 942 3777 lege
954 3708 1078 3759 Manilia:
1097 3710 1174 3761 Testis
1183 3722 1220 3760 est
1233 3709 1332 3772 Gallia,

305 3786 330 3838 3.
346 3787 413 3839 Nam
423 3800 450 3839 ut
458 3789 493 3839 ad
498 3787 722 3858 bellasmrpienrla,
731 3799 776 3841 ete.
817 3806 864 3857 per
877 3806 948 3859 quam
959 3787 1091 3855 legionibus
1102 3793 1189 3840 metris
1201 3793 1232 3841 r'n-
1239 3790 1333 3861 Hispa-

262 3864 387 3935 Legimus
397 3864 468 3939 apud
476 3868 593 3932 Livium,
602 3869 679 3931 l.1o,
692 3870 775 3921 c.28:
820 3869 885 3917 niam
900 3870 947 3918 iter
969 3866 1097 3920 Gallorron
1119 3873 1276 3921 internecione
1288 3888 1335 3940 pa·

266 3968 281 3991 c
290 3944 380 3999 Gallos
390 3948 479 4017 primo
487 3948 591 4018 impetu
599 3948 698 3999 feroces
707 3965 777 4011 esse,
821 3947 934 4013 tesactam
948 3959 992 4000 est.

262 4042 329 4096 quos
344 4026 467 4079 sustineri
485 4027 546 4080 satis
561 4026 610 4092 sit;
624 4045 702 4077 eorum
716 4044 777 4077 cors
862 4027 888 4078 3.
904 4027 934 4078 L.
953 4026 1067 4079 Valerius
1075 4028 1240 4081 Praeconinus.
1254 4028 1333 4083 Hunc

261 4123 329 4175 pora
344 4106 576 4160 intolerantissima
588 4106 686 4159 laboris
698 4117 777 4176 atque
818 4105 910 4157 locum
930 4106 1027 4159 frustra
1047 4108 1211 4179 exagitarunt
1228 4108 1333 4173 critici,

263 4196 340 4238 estus
351 4184 435 4241 fluere
443 4224 452 4252 ,
458 4188 599 4259 primaque
606 4184 696 4258 prolia
706 4185 778 4255 plus·
820 4184 1021 4257 innumerisque
1030 4187 1085 4241 sois
1095 4186 1254 4258 conjecturis
1266 4186 1333 4241 odeo
