3000 5034
260 460 331 547 ori
363 478 533 547 sunto
566 476 815 549 elumen
843 481 938 551 tra.
967 483 1033 553 vr.
1122 485 1195 582 273

127 610 521 706 Germani‘agriculturae
550 611 703 700 student,
726 614 919 701 constituit,
944 640 1013 683 non
1040 618 1197 713 progredi

126 716 269 813 longius3
285 718 365 806 sed,
381 742 424 788 ne
445 718 582 790 omuino
603 732 731 787 metum
749 719 874 790 reditus
895 723 945 789 sui
962 720 1112 794 barbaris
1133 726 1195 795 tol-

125 822 223 914 leret,
237 840 336 918 atque
354 838 392 893 ut
411 850 527 894 eorum
549 824 669 893 auxilia
689 826 855 916 tardaret,
871 826 1011 899 reducto
1022 834 1197 922 exercitu,

124 946 251 1026 partem
270 930 422 1001 ultimam
436 933 568 1027 pontis,
582 954 656 1025 quae
673 933 762 1027 ripas
778 934 946 1003 Ubiorum
961 938 1196 1032 contingebat,

123 1039 157 1106 in
174 1037 418 1132 longitudinem·
434 1038 558 1133 pedum
579 1041 639 1108 CC
658 1024 855 1129 rescindit⁵3
875 1055 974 1135 atque
992 1044 1026 1111 in
1046 1058 1196 1115 extremo

123 1160 223 1238 ponte
240 1147 360 1215 turrim
379 1145 603 1215 tabulatorum
621 1160 766 1241 quattuor
782 1148 973 1236 constituit,
991 1150 1195 1243 praesidium·

123 1276 184 1345 que
211 1252 401 1322 cohortium
422 1255 490 1321 XII
512 1254 623 1347 pontis
645 1253 760 1321 tuendi
786 1278 887 1323 causa
913 1257 1027 1349 ponit,
1052 1261 1195 1353 magnis·

123 1383 184 1452 que
203 1384 281 1428 eum
299 1357 409 1428 locum
427 1360 666 1428 munitionibus
682 1358 804 1427 firmat.
823 1362 864 1428 Ei
884 1359 958 1430 loco
978 1363 1198 1461 presidioque

123 1468 159 1534 C.
170 1464 362 1535 Volcatium
379 1464 514 1535 Tullum
535 1465 779 1535 adolescentem
800 1466 957 1560 praefecit.
977 1471 1072 1563 Ipse,
1091 1495 1197 1565 quum

122 1575 342 1642 maturescere
363 1572 530 1641 frumenta
546 1572 750 1667 inciperent,
764 1572 805 1640 ad
827 1571 952 1642 bellum
974 1563 1198 1671 Ambiorigis⁶

121 1679 306 1773 profectus,
320 1670 400 1774 [per
417 1679 632 1748 Arduennam
649 1676 767 1750 silvam
777 1677 801 1766 ⁷,
814 1704 888 1773 quaa
903 1694 953 1749 est
963 1681 1065 1750 totius
1080 1682 1196 1755 Gallia·

121 1788 286 1873 maxima,
300 1800 400 1881 atque
416 1786 460 1854 ab
478 1788 558 1880 ripis
581 1785 690 1854 Rheni
711 1784 899 1879 finibusque
916 1787 1131 1857 Trevirorum
1153 1792 1197 1859 ad

121 1894 261 1975 Nervios
279 1895 441 1986 pertinet,
457 1891 668 1986 millibusque
685 1890 827 1987 amplius
848 1894 882 1962 D
899 1894 934 1961 in
955 1892 1194 1988 longitudinem

120 2015 209 2095 patet
219 1991 255 2089 ,]
273 2002 311 2068 L.
327 2001 514 2069 Minucium
530 1998 675 2069 Basilum
692 2023 770 2068 cum
785 2000 878 2067 omni
890 2001 1039 2094 equitatu
1050 2005 1196 2097 praemit·

120 2109 175 2195 tit,
187 2108 216 2176 si
234 2106 314 2200 quid
329 2105 496 2176 celeritate
514 2107 639 2175 itineris
653 2120 754 2199 atque
768 2108 1018 2201 opportunitate
1035 2112 1195 2204 temporis

120 2214 281 2308 proficere
308 2214 432 2308 possit:
452 2226 585 2301 monet,
603 2228 642 2281 ut
661 2214 753 2307 ignes
781 2212 854 2281 fieri
873 2215 908 2281 in
934 2214 1050 2284 castris
1080 2218 1195 2311 prohi-

119 2320 214 2410 beat,
230 2346 274 2389 ne
295 2345 361 2414 qua
383 2321 454 2414 ejus
481 2319 644 2388 adventus
665 2317 783 2414 procul
805 2318 1002 2413 significatio
1023 2320 1103 2390 fiat:
1124 2348 1195 2393 sese

119 2429 293 2498 confestim
314 2411 489 2522 subsequi⁸
510 2426 599 2495 dicit.

166 2537 281 2628 XXX.
301 2532 428 2604 basilus
439 2531 461 2618 ¹,
473 2548 514 2602 ut
530 2534 732 2627 imperatum
749 2546 821 2618 est,
835 2531 934 2601 facit:
949 2531 1100 2603 celeriter
1112 2559 1192 2604 con·

119 2658 234 2737 traqrre
261 2642 411 2710 omnium
439 2640 630 2735 opinionem
659 2638 813 2708 confecto
841 2640 977 2726 itinere,
1006 2638 1130 2710 multos
1158 2645 1193 2713 in

118 2752 202 2844 agris
232 2748 442 2842 inopinantes
470 2745 710 2841 deprehendit3
731 2770 848 2814 eorum
874 2744 998 2815 indicio
1020 2744 1062 2815 ad
1084 2748 1194 2843 ipsum

117 2855 344 2949 Ambiorigem
358 2853 549 2942 contendit,
563 2878 632 2948 quo
649 2854 683 2921 in
697 2851 773 2923 loco
794 2877 872 2923 cum
890 2854 1006 2946 paucis
1018 2848 1192 2948 ¹equitibus

117 2986 184 3032 esse
207 2961 389 3030 dicebatur.
409 2959 556 3028 Multum
577 2984 681 3053 quum
695 2960 730 3027 in
751 2959 907 3027 omnibus
928 2957 1055 3047 rehus²,
1067 2974 1139 3031 tum
1158 2964 1192 3031 in
1306 3052 1309 3059 r

117 3094 150 3139 re
167 3068 304 3139 militari
322 3081 432 3161 potest
446 3066 589 3136 fortuna.
610 3068 699 3136 Nam
718 3066 803 3165 sicut
820 3090 942 3159 magno
959 3066 1080 3135 accidit
1094 3092 1190 3157 casu,

116 3190 152 3245 ut
171 3178 209 3247 in
228 3177 339 3269 ipsum
360 3176 531 3243 incautum
551 3187 650 3266 atque
670 3172 770 3241 etiam
790 3173 992 3265 imparatum
1013 3174 1190 3261 incideret,

117 3285 273 3377 priusque
294 3281 365 3375 ejus
395 3280 557 3349 adventus
583 3279 626 3347 ab
650 3277 840 3347 hominibus
868 3278 1060 3367 videretur,
1088 3306 1188 3375 quam

117 3462 630 3537 Oudendorpproponitlromineagrec.
674 3470 776 3512 textum
785 3457 931 3529 conjiciunt
939 3458 1189 3533 nonnulli.Etreip·

117 3545 247 3617 interpres
259 3544 373 3608 omittit,
382 3555 408 3596 et
420 3543 508 3595 forsan
523 3540 630 3593 rectius.
674 3538 893 3609 sarbintetprete
898 3555 983 3609 graeco
990 3556 1098 3607 prorsus
1105 3541 1186 3594 abest.

118 3624 209 3678 Nostri
224 3621 304 3677 codd.
320 3623 421 3675 habent
436 3641 522 3673 omnes.
674 3617 739 3671 vid.
757 3616 873 3669 indicem
892 3616 1107 3688 geographicum.
1130 3656 1132 3661 -

157 3706 182 3759 5.
197 3704 329 3757 Resctndo.
346 3702 434 3767 Bene,
448 3700 561 3753 rescindit
572 3719 631 3771 paru
693 3724 697 3729 ’
715 3701 741 3753 8.
756 3697 880 3770 Subsequi.
894 3698 1110 3751 Subsecuturum.
1240 3752 1244 3768 ,

119 3797 162 3837 um
170 3789 273 3856 pontis,·
292 3802 354 3836 nam
370 3783 515 3843 rescindere,
533 3792 573 3833 est
585 3798 631 3850 pe·
713 3779 780 3831 Car.
793 3776 880 3830 XXX,
898 3795 922 3830 1.
934 3776 1040 3829 Basilus.
1051 3778 1185 3832 Minucius

116 3866 187 3919 nitus
200 3863 336 3917 destruere
346 3880 376 3914 ac
388 3862 492 3914 tollere:
673 3858 776 3911 Basilus
786 3858 857 3910 inter
865 3861 1015 3928 conjuratos
1024 3870 1092 3918 erat,
1103 3860 1185 3930 aqui·

156 3950 184 3998 6.
203 3945 299 3997 Bellum
308 3942 467 4011 Ambiorigis,
483 3938 554 3993 Vide
570 3957 629 4011 sup.
673 3938 723 3992 bus
735 3939 822 3992 Caesar
836 3938 989 4003 interfectus
1003 3948 1051 3989 est.

115 4042 171 4097 cap.
192 4024 218 4077 5.
682 4038 687 4047 ·
716 4018 858 4071 artatam
871 4036 941 4090 quum
955 4017 1181 4081 inomm'busrebas,

144 4096 543 4175 7.PerArduerurams'ilram,ete.
551 4098 631 4152 Hunc
672 4111 717 4151 etc.
729 4098 785 4151 Cic.
798 4097 872 4149 Orat.
890 4116 940 4168 pro
952 4096 1095 4160 Marcello,
1112 4118 1135 4152 c.
1149 4102 1182 4152 6:

115 4182 205 4237 locum
219 4183 372 4257 parenthesi
387 4180 536 4245 inclusum,
546 4180 630 4231 inter·
673 4178 704 4231 In
717 4182 790 4229 armis
802 4182 929 4229 maximam
938 4189 1035 4247 partem
1052 4181 1184 4249 quasijnra

115 4266 314 4337 polamm,ete
325 4262 444 4334 margine
456 4262 591 4318 intrusum
600 4260 629 4313 in
662 4257 832 4328 fortuna-sibi
844 4257 960 4319 rmdicar,
973 4268 1018 4309 erc.

162 4351 194 4415 I.
643 4368 646 4371 ·
953 4338 997 4409 18
