3000 5034
250 484 320 553 DE
347 482 521 551 BELLO
548 481 797 551 GALLICO.
826 484 921 553 LIB.
948 487 1015 556 vt.
1102 490 1178 589 239

108 608 244 709 legione,
253 639 327 709 quae
336 615 371 683 in
383 638 500 683 eorum
513 612 635 683 finibus
646 614 816 684 hiemabat
825 614 849 704 ¹,
860 615 982 687 adoriri
997 621 1177 715 parabant:

105 719 229 815 jamque
248 722 292 789 ab
309 746 350 791 eo
370 744 440 791 uon
457 720 588 815 longius
601 720 734 790 bidui
702 746 758 791 vio
766 720 952 812 ²aberant,
966 751 1071 819 quum
1092 729 1176 801 duos

106 828 225 896 venisse
244 826 392 924 legiones
405 828 509 898 missu
527 826 668 897 Caesaris
686 844 904 923 cognoscunt.
918 834 1037 902 Positis
1059 839 1175 907 castris

105 932 276 1005 amillibus
291 958 450 1030 passuum
463 918 552 1005 XV³
554 986 565 1021 ‚
581 932 703 1005 anxilio
722 884 969 1007 Germaniorum
984 956 1176 1035 exspectare

104 1043 312 1111 constituunt.
331 1041 518 1129 Labienus,
533 1041 679 1111 bostium
698 1045 834 1138 cognito
851 1044 1010 1134 consilio,
1025 1072 1174 1142 sperans,

105 1150 282 1217 temeritate
299 1168 416 1218 coium
432 1094 655 1242 soreiiliquam
666 1147 845 1219 dimicandi
861 1149 1055 1221 facultatem
1062 1180 1172 1250 ‚·prae

104 1252 177 1322 sidio
197 1256 389 1324 cohortium
408 1256 441 1325 V
462 1254 706 1349 impedimentis
733 1254 873 1346 relicto,
892 1281 972 1326 cum
992 1262 1095 1330 XXV
1116 1287 1172 1331 eo·

102 1348 268 1430 hortibus⁴
282 1384 472 1457 magnoque
488 1364 638 1456 equitatu
650 1377 771 1432 contra
787 1310 917 1433 hostinn
934 1364 1172 1460 proficiscitur,

102 1467 189 1536 etM.
209 1492 370 1563 passuum
389 1470 579 1540 intermisso
600 1471 728 1564 spatio,
748 1484 858 1541 costra
877 1474 1070 1542 communit
1088 1476 1172 1544 Erat

101 1572 179 1641 inter
198 1575 387 1647 Labienum
417 1590 518 1671 atque
538 1576 670 1659 bostem
696 1574 824 1645 difficili
847 1580 991 1647 transitu
1011 1566 1158 1649 Ηιιιιιιιιι5
1160 1635 1171 1669 ,

101 1680 238 1797 iipisque
260 1684 456 1777 praeruptis:
480 1682 546 1753 hoc
573 1707 681 1778 neque
703 1685 774 1779 ipse
801 1684 942 1753 transire
964 1684 1145 1754 habebat
1135 1712 1169 1755 in

101 1787 204 1855 auimo
215 1813 352 1883 ‚neque
373 1788 486 1861 hostes
510 1791 708 1861 transituros
735 1788 954 1861 existimabot.
975 1790 1170 1921 Augebatur

100 1842 291 1965 aiixilioium
312 1896 459 1990 quotidie
480 1920 564 1992 spes.
594 1899 797 2017 Invitus
788 1922 823 1967 in
851 1883 1014 1967 consilio⁶
1034 1896 1169 1992 palam,

103 2004 286 2093 «quoniam
313 2003 473 2073 Germani
498 2006 770 2099 appropinquare
789 2003 979 2091 dicantur⁷‚
999 2028 1071 2073 sese
1092 2030 1168 2074 suas

99 2110 321 2203 exercitusque
349 2108 531 2181 temnas
522 2134 557 2179 in
578 2110 717 2181 dubium
744 2134 814 2181 non
839 2058 1111 2199 devocabimmffl
1134 2126 1169 2180 et

98 2228 226 2305 postero
248 2215 301 2284 die
322 2217 430 2311 priona
445 2215 520 2287 luce
540 2232 649 2287 costra
665 2232 847 2287 uiotiuum.
857 2234 875 2268 ι’
906 2214 1069 2286 Celeriter
1095 2164 1168 2289 lraec

98 2318 133 2387 ad
152 2316 272 2393 liostes
287 2320 503 2411 deferuntur,
523 2337 565 2392 ut
578 2348 619 2392 cx
636 2346 761 2417 magno
782 2320 957 2393 Gallorum
979 2323 1168 2417 equitatus⁹

96 2447 232 2497 numero
257 2428 435 2501 nonnullos
460 2427 596 2500 Gallicis
617 2429 717 2499 rebus
742 2429 855 2498 favere
873 2442 995 2499 namra
1015 2430 1165 2524 cogebat.

131 2600 194 2655 Cir.
207 2600 273 2655 VH.
286 2620 310 2657 ι,
323 2602 606 2659 Hiemubut.Recteliie·
691 2610 718 2667 4.
737 2601 799 2655 Cum
818 2620 871 2655 xxv
892 2602 1035 2655 cohortibus.
1055 2600 1166 2656 Duobus

96 2678 176 2733 nabat.
199 2680 295 2734 Hiems
316 2682 389 2735 enim
409 2680 531 2735 nondum
550 2694 607 2735 crat
648 2680 798 2753 legionibus
813 2700 876 2734 cum
887 2680 1007 2734 dimidia.
1024 2681 1165 2735 Exhisle·

96 2772 185 2814 eructu
216 2760 294 2814 Hanc
320 2762 462 2815 lectionem
489 2762 606 2817 restituit
648 2762 757 2835 giorum
776 2773 842 2814 tuno
864 2762 907 2814 his
926 2761 1054 2833 temporis
1072 2759 1165 2815 docem

95 2837 268 2912 Oudendorp.
293 2842 449 2896 auctoritate
472 2840 552 2895 codd.
578 2854 606 2897 et
648 2840 1038 2897 cohortibusoonflotamfuisse
1051 2855 1163 2895 constat.

95 2915 199 2992 interpr.
216 2921 304 2991 groeci,
313 2922 362 2991 qui
370 2921 451 2975 habet
463 2922 605 2993 χειμάζοντι
691 2921 1163 2993 5.Emtflumen.1thellicanoeitta-

93 2998 261 3070 tijidabiiiiiqi.
275 3000 367 3053 Celsus
383 3000 464 3052 etiam
482 3013 553 3063 recte¹
567 3002 605 3053 lii·
648 3001 725 3057 nutio
748 3001 848 3072 placuit
871 3002 1041 3073 interpretari
1061 3000 1164 3054 flumen

93 3074 159 3130 bema
169 3080 276 3133 Labieni
286 3092 372 3135 vocat.
384 3080 438 3132 Alii
447 3080 605 3134 hobentliie·
648 3080 939 3145 Mosellam,Ptolemtoo
953 3078 1057 3135 dictum
1074 3081 1164 3135 Obriu·

93 3171 202 3213 uarorat.
648 3179 709 3213 oum.
723 3162 860 3213 Incertum
875 3171 922 3213 est.

129 3257 154 3291 s.
178 3238 261 3293 Bidui
282 3244 335 3292 oia.
357 3238 429 3292 Petr.
449 3238 605 3292 Ciacoonius
690 3244 716 3293 6.
742 3238 859 3291 Consilio.
873 3239 984 3309 Vulgo,
1005 3244 1031 3290 in
1053 3241 1160 3293 concilio.

90 3313 326 3389 legitmorrlorigias
341 3318 408 3371 bidai
420 3318 527 3371 olerum.
542 3318 605 3371 Fre·
647 3318 727 3371 Male.
740 3317 837 3369 Οιιιιι.
1210 3322 1217 3337 ’

90 3406 129 3452 lus
141 3398 302 3451 auctoritate
313 3398 459 3464 Ciceronis,
475 3398 551 3469 epist.
569 3402 602 3453 16
689 3416 715 3467 7.
732 3397 863 3450 Dicuntur.
877 3396 919 3447 Al.
935 3395 1055 3451 monuo.
1068 3396 1120 3449 Οιι,

89 3473 107 3527 l·
121 3494 153 3545 v,
170 3476 208 3531 ad
222 3479 276 3530 Att.
290 3498 343 3550 qua
355 3478 457 3530 aberant
469 3477 551 3543 bidan
562 3490 603 3533 et,
689 3478 716 3529 8.
730 3476 787 3529 Sese
805 3495 861 3527 suus
875 3478 1036 3547 exercitusque
1046 3478 1162 3542 sortiarias

90 3560 129 3627 e‘p.
148 3574 204 3629 17:
220 3557 343 3629 abquibus
361 3558 457 3609 uberum
469 3556 605 3610 bulatsed
648 3560 673 3607 in
685 3556 783 3608 dubium
803 3574 851 3607 nori
866 3554 1039 3608 deuocuueriun.
1058 3555 1091 3608 Se
1106 3575 1162 3609 uon

88 3632 115 3687 iii
130 3635 173 3689 bis
186 3637 369 3690 locutionibus
380 3637 537 3708 intelligitur
550 3639 604 3701 oia·
647 3633 907 3690 adducturumsuam
916 3634 1097 3706 exercitusque
1108 3637 1162 3687 ior·

87 3725 164 3785 {tque
177 3715 254 3771 haud
273 3717 354 3770 semel
370 3714 604 3771 animadvertimus
647 3728 740 3769 tunam
751 3716 781 3768 in
791 3712 942 3769 discrimen.
962 3714 1094 3767 Nonnulli
1110 3734 1161 3787 pro

87 3792 221 3849 easdem
234 3796 346 3867 ωιίψιις
363 3795 421 3849 aliis
441 3797 548 3851 usitatos
563 3797 604 3850 vi·
647 3796 846 3861 moraturum,
874 3795 966 3888 legunt
990 3805 1159 3847 revocaturum
1256 3874 1261 3882 μ

87 3882 163 3930 losse.
178 3877 275 3929 Divis
648 3875 734 3941 Malu
726 3834 953 3928 ·nondiimenim
963 3886 1111 3930 vocaverat.

127 3955 154 4009 3.
166 3954 265 4009 Amill.
272 3974 339 4048 pais.
346 3974 388 4009 xv.
398 3954 533 4009 Hotmono
550 3956 606 4027 pla·
690 3974 716 4024 9.
736 3954 865 4009 Gallorum
883 3960 1010 4026 equitatus.
1026 3954 1161 4027 Interpres

87 4042 128 4085 set
145 4035 366 4108 prepositiouem
386 4033 482 4089 delere.
505 4034 604 4107 Perpe-
647 4052 723 4106 graec.
729 4026 915 4088 habetlaasoi
927 4034 1037 4099 Paltos
1044 4046 1071 4087 et
1080 4035 1159 4089 codd

86 4128 164 4168 ram.
176 4134 258 4187 supra
270 4133 344 4167 enirn
356 4114 485 4181 vidimus
496 4114 514 4166 l.
527 4131 572 4180 iv,
579 4132 602 4167 c.
648 4116 711 4186 Reg.
722 4115 799 4185 Angl.
806 4114 904 4167 Elieus.
912 4115 1022 4168 etVoss.
1034 4112 1162 4169 Gallorum

91 4210 125 4245 as
145 4205 173 4247 et
184 4213 218 4260 v,
230 4210 254 4247 c.
263 4194 315 4248 32.
325 4195 355 4247 ab
367 4195 450 4247 millib.
458 4213 526 4267 pass.
540 4210 605 4256 viii,
648 4199 760 4266 equitum
774 4192 854 4259 Quod
864 4193 954 4247 Clark.
966 4214 1021 4246 non
1033 4192 1161 4262 videte-ug

87 4284 115 4325 ct
130 4293 147 4324 a
163 4274 225 4327 mill.
231 4292 299 4348 pars.
316 4279 409 4331 circiter
420 4292 452 4327 11.
648 4273 869 4337 arepentioribus
879 4285 1012 4332 mutatum
1027 4275 1114 4327 suerit.
