3000 5034
313 483 384 570 164
481 487 520 551 C.
548 482 689 551 JULII
718 482 952 550 CAESARIS
979 481 1255 551 COMMENT.

308 640 386 713 pars
408 640 475 683 una
497 630 568 683 erat
590 614 734 709 reliqua,
749 615 905 709 suspicati
925 614 1054 700 hostes,
1067 614 1289 683 huc'nostros
1312 637 1382 681 esse

307 738 483 810 venturos,
495 735 597 792 noctu
619 724 652 789 in
682 720 770 790 silvis
790 719 1013 789 delituerant:
1032 734 1104 789 tum
1132 719 1315 814 dispersos,
1328 718 1382 786 de-

309 831 423 926 positis
442 830 559 918 armis,
580 830 615 895 in
637 827 793 896 metendo
808 842 989 922 occupatos
1009 826 1118 895 subito
1133 824 1258 913 adorti,
1269 826 1383 921 paucis

309 921 508 1019 interfectis8
511 932 689 1029 ,reliquos
720 936 853 1003 incertis
881 933 1051 1002 ordinibus
1078 931 1382 1027 perturbaverant:

310 1040 406 1113 simul
429 1043 577 1136 equitatu
600 1055 698 1134 atque
720 1040 842 1109 essedis
860 1039 1171 1109 circumdederant„

364 1150 528 1216 XXXIII.
545 1150 659 1216 Genus
673 1148 738 1215 hoc
761 1162 812 1216 est
833 1171 873 1215 ex
895 1144 1033 1216 essedis¹
1046 1170 1167 1241 pugnae
1179 1170 1186 1212 ε
1199 1146 1309 1239 primo
1324 1170 1387 1240 per
1425 1163 1430 1169 ’

311 1280 428 1325 omnes
443 1268 553 1350 partes
573 1255 801 1349 perequitant,
820 1267 859 1321 et
880 1251 944 1321 tela
969 1253 1165 1347 conjiciunt,
1185 1266 1284 1346 atque
1312 1253 1386 1347 ipso

311 1376 439 1431 terrore
463 1385 625 1454 equorum
648 1375 681 1429 et
705 1359 845 1453 strepitu
868 1374 1018 1427 rotarum
1039 1358 1172 1428 ordines
1190 1356 1386 1478 plerumque

311 1466 525 1563 perturbant3
537 1481 570 1535 et
592 1492 696 1561 quum
719 1490 754 1534 se
775 1468 861 1534 inter
881 1468 1030 1558 equitum
1052 1479 1179 1533 turmas
1198 1465 1386 1534 insinuave-

311 1577 395 1662 rint,
407 1600 448 1642 ex
470 1572 590 1643 essedis
613 1573 784 1660 desiliunt,
806 1587 840 1641 et
870 1572 1009 1666 pedibus
1031 1569 1230 1690 praeliantur.
1253 1573 1386 1667 Aurigae

212 1764 213 1767 Ἴ
310 1682 442 1749 interim
450 1665 653 1775 ’paulatim³
670 1706 711 1749 ex
732 1676 846 1773 praelio
867 1677 1032 1747 excedunt
1036 1692 1159 1771 ,atque
1180 1678 1226 1745 ita
1247 1664 1387 1747 currus⁴

313 1786 495 1873 collocant,
507 1800 561 1873 ut,
574 1811 600 1853 s1
593 1784 662 1853 illi
684 1810 703 1853 a
721 1783 932 1853 multitudine
951 1784 1099 1854 hostium
1118 1798 1325 1878 premantur,
1339 1810 1388 1864 ex·

311 1893 461 1987 peditum
477 1840 519 1959 ald
535 1916 612 1960 suos
634 1907 807 1987 receptum
821 1891 975 1959 habeant.
994 1894 1048 1959 lta
1063 1889 1280 1960 mobilitatem
1295 1894 1386 1985 equi-

312 2014 401 2085 tum,
417 1995 626 2066 stabilitatem
643 1998 830 2093 peditum,
822 2022 857 2064 m
868 1995 986 2092 praeliis
1001 1982 1189 2093 praestant⁵,
1201 2021 1240 2066 ac
1256 2012 1386 2066 tantum

311 2130 375 2173 usu
395 2103 587 2197 quotidiano
608 2119 642 2173 et
663 2105 896 2173 exercitatione
917 2104 1082 2190 efficiunt,
1097 2105 1146 2171 uti
1166 2105 1200 2172 in
1215 2101 1335 2172 declivi
1350 2128 1388 2173 ac

312 2212 473 2306 praecipiti
493 2209 597 2279 loco
589 2212 741 2280 incitatos
769 2234 872 2304 equos
893 2212 1073 2296 sustinere,
1095 2223 1129 2277 et
1150 2194 1261 2279 brevi⁶
1272 2210 1387 2280 mode·

312 2319 379 2385 rari
396 2341 434 2386 ac
457 2316 605 2405 flectere,
628 2331 661 2386 et
683 2343 743 2411 per
762 2332 930 2385 temonem
951 2341 1168 2411 percurrere,
1185 2331 1219 2385 et
1246 2318 1280 2385 in
1288 2318 1387 2413 jugo

312 2425 481 2509 insistere,
508 2438 541 2491 et
569 2371 644 2493 iride
676 2448 711 2492 se
739 2426 774 2491 in
796 2448 915 2493 currus
937 2426 1090 2493 citissime
1122 2425 1270 2518 recipere
1304 2450 1385 2494 con·

314 2532 448 2599 suerint

367 2612 529 2707 XXXIV.
558 2638 688 2727 Quibus
715 2638 831 2728 rebus,
849 2638 1050 2734 perturbatis
1078 2636 1218 2708 nostris¹
1241 2639 1389 2708 novitate

315 2866 423 2900 omnem
441 2849 592 2918 regionem,
602 2849 768 2901 frumentum
783 2843 830 2900 de·
874 2847 916 2901 dis
922 2846 1124 2914 desilierunt,et
1128 2848 1196 2924 dum
1202 2848 1317 2921 pedibus
1324 2868 1390 2921 pra-

315 2946 430 2980 messum
444 2928 544 2992 luerat,
559 2946 613 2979 una
632 2938 737 2980 tantum
755 2941 831 2998 parte
873 2929 988 2993 llantur,
1002 2948 1029 2981 se
1047 2930 1176 3000 paulatim
1195 2930 1356 2983 subtrabunt
1374 2949 1391 2982 e

315 3007 831 3061 intactarelicta:hucn0strosventruus
873 3022 1188 3080 pugna‚etcurruspone
1201 3010 1236 3063 ita
1245 3011 1389 3075 collocant,

315 3086 367 3139 rati
385 3087 508 3151 barbari,
520 3098 571 3140 etc.
874 3088 1389 3161 utsiilli,sc.bcllatores‚premantur,ad

308 3190 311 3197 ·
358 3169 385 3220 8.
404 3167 495 3217 Paucis
509 3168 647 3234 nuterfectis.
662 3165 747 3219 Aliter
762 3167 831 3231 Dio,
875 3169 1388 3241 suoscurrusfacilesereciperequeant.

315 3247 335 3299 l.
347 3263 444 3309 xxxix,
453 3265 477 3298 c.
489 3246 535 3312 52,
544 3247 597 3299 hoc
606 3246 706 3299 relect:
721 3247 831 3317 Διξάμε·
918 3249 943 3301 3.
958 3250 1091 3302 Paulatim.
1101 3250 1191 3322 Vulgo
1199 3252 1308 3321 paulum.
1321 3248 1388 3304 Cod.

315 3346 351 3379 νοι
358 3323 388 3379 dl
395 3321 533 3397 (Bptrurol)
540 3326 608 3387 τινὰς
618 3330 650 3387 ὡς
658 3326 699 3379 καὶ
714 3329 737 3387 l<
751 3328 830 3397 putas
875 3329 908 3380 lt.
925 3328 1016 3397 5764,
1026 3330 1146 3401 pauliana
1165 3349 1245 3402 supra
1263 3332 1390 3383 scribitur

316 3407 398 3477 χώραν
415 3412 480 3476 σφῶν
495 3409 554 3477 πρὸς
565 3402 668 3476 κομιδήν
681 3413 729 3459 τῶν
743 3409 833 3465 {cirn-
871 3408 991 3479 paulatim
1004 3427 1019 3459 a
1031 3407 1146 3461 secunda
1160 3428 1251 3464 manu.

290 3506 296 3517 *
316 3484 388 3538 dulus
398 3487 832 3557 neppttsrucaotmmtvtityus,
918 3488 1313 3563 4.Atquer'tacurrus.Aliiatque
1325 3493 1390 3543 irase

314 3568 432 3636 ἔφθειραν.
875 3568 1009 3619 conlocant.
1019 3569 1062 3621 Al.
1072 3589 1143 3621 curru
1152 3590 1177 3621 se
1188 3571 1313 3623 reuocant.
1321 3569 1388 3624 Cod.

358 3647 424 3699 Car.
438 3646 569 3698 XXXIII:
587 3664 611 3698 1.
623 3647 667 3698 Eu
679 3646 775 3699 essedis.
787 3647 834 3699 Es·
876 3648 908 3699 lt.
926 3647 1001 3717 5763
1010 3686 1018 3713 ,
1028 3661 1100 3720 utque
1116 3652 1150 3701 ita
1164 3669 1246 3702 currus
1263 3652 1389 3705 collocant.

307 3724 618 3790 ‹sedoe,currusbclliciin
624 3726 714 3796 Belgio
721 3727 833 3790 inventi,
876 3727 951 3778 Alter
965 3746 1030 3780 vero
1047 3729 1123 3799 5764
1139 3742 1229 3803 :atque
1245 3734 1280 3781 ita
1297 3751 1322 3782 se
1338 3732 1389 3782 col·

317 3818 348 3858 ut
359 3804 440 3857 tradit
454 3805 574 3870 Servius,
589 3804 623 3857 ad
636 3805 732 3877 Georg.
741 3807 761 3857 I.
775 3806 834 3871 111,
876 3807 964 3859 beant.

321 3892 386 3949 aod.
395 3889 430 3938 At
440 3886 455 3937 J
458 3884 589 3938 ornandes
599 3884 722 3937 derebus
732 3885 833 3938 Getieis
871 3904 875 3909 ’
918 3885 944 3938 5.
953 3888 1086 3940 Praestent.
1095 3888 1223 3942 Efficiunt
1232 3902 1263 3942 ut
1274 3891 1327 3943 sint
1337 3909 1390 3940 mo-

308 3985 340 4019 vc.
356 3986 381 4019 2.
396 3966 572 4019 britannicam
585 3983 678 4019 vocem
696 3962 771 4017 dicit.
875 3964 935 4017 biles
945 3962 1035 4029 (variis
1046 3969 1074 4020 in
1082 3970 1148 4022 locis
1157 3967 1297 4041 pugnent),
1304 3984 1330 4023 et
1336 3982 1390 4020 sta-

361 4066 386 4097 α.
395 4046 500 4115 Aurigae
509 4050 663 4106 interr‘m‚etc.
672 4043 747 4097 Ordo
754 4045 833 4115 pbra·
876 4041 1011 4110 biles(un0
1023 4048 1051 4100 in
1066 4048 1125 4101 loeo
1138 4047 1283 4121 pugnent.)

309 4127 353 4178 sis
364 4138 391 4177 et
400 4144 490 4178 sensus
500 4130 623 4195 rescripte,
634 4123 758 4177 ductores
771 4143 832 4177 cur·
917 4131 944 4181 6.
957 4128 1038 4181 Brevi.
1052 4128 1170 4182 Subaudi
1181 4131 1210 4182 in
1222 4130 1290 4183 loco.

312 4218 563 4276 ·ruum,postquam
577 4204 717 4258 bellatores
726 4222 833 4259 exesse·
921 4207 987 4261 Car.
1009 4209 1139 4262 XXXIV.
1163 4226 1176 4262 1
1208 4210 1302 4280 Quibus
1321 4208 1390 4261 rubus
