3000 5034
254 457 303 539 24
398 455 437 524 C.
466 456 608 523 JULII
638 456 875 524 cAEsans
904 456 1182 526 COMMENT.
1246 466 1249 471 ’

250 583 432 680 intelligere
460 602 694 688 sese„quanto
722 587 757 656 id
779 613 862 656 cum
888 586 1036 683 periculo
1064 588 1196 675 fecerit,
1218 598 1254 654 et
1278 583 1324 652 ob

250 715 323 759 eam
346 716 497 780 causam,
512 691 611 786 qua'm
628 693 685 762 diu
703 696 866 787 potuerit,
880 696 1030 763 tacuisse.
1050 711 1067 746 n

303 801 430 875 XVIII.
447 801 563 882 ¹Caesar
584 798 648 868 hac
662 801 820 886 ,oratioue
843 802 931 870 Lisci
952 802 1214 893 Dumnorigem,
1232 797 1323 866 Divi·

249 905 326 971 tiaci
359 904 495 976 fratrem
508 905 702 1000 „designari
736 905 923 976 sentiebat:
941 906 1139 1000 .sed„quod
1171 903 1322 1000 pluribus

248 1011 465 1103 praesentibus
481 1035 542 1086 ,cas
559 1037 616 1091 res
635 1011 754 1104 jactari
773 1011 782 1035 ¹
800 1011 957 1100 nolebat,
973 1010 1123 1082 celeriter
1144 1008 1320 1088 concilium

248 1114 400 1203 dimittit,
414 1118 549 1186 Liscum
571 1119 691 1188 retinet
705 1143 712 1186 :
727 1120 846 1212 quaerit
866 1144 908 1188 ex
925 1118 996 1188 solo
1019 1143 1075 1206 ea,
1093 1142 1167 1212 qua
1188 1118 1223 1184 iu
1245 1140 1321 1184 con·

247 1236 350 1289 ventu
364 1221 508 1302 dixerat.
532 1225 624 1293 Dicit
645 1223 779 1294 liberius
800 1241 899 1318 atque
928 1225 1094 1294 audacius.
1120 1222 1246 1292 Eadem
1269 1245 1319 1289 se·

247 1342 339 1409 creto
359 1329 407 1408 ‚ab
430 1328 507 1406 ¹aliis
529 1331 654 1424 ,quaerit
675 1328 705 1417 ²3
732 1332 855 1424 reperit
883 1357 954 1400 esse
987 1355 1075 1399 vera.
1108 1333 1226 1423 Ipsum
1249 1352 1320 1398 esse

246 1436 513 1530 Dumnorigem,
523 1460 653 1508 summa
667 1436 824 1524 audacia,
838 1461 959 1532 magna
974 1436 1071 1532 apud
1077 1434 1220 1529 plebem
1218 1459 1320 1528 prop

245 1554 297 1608 ter
329 1539 557 1616 liberalitatem
587 1544 709 1637 gratia,
737 1541 960 1672 cupidumque
989 1567 1100 1610 rerum
1128 1563 1317 1609 novarum
1318 1611 1321 1614 ,

245 1646 433 1741 complures
461 1674 566 1724 annos
588 1635 773 1742 portoria³,
790 1647 980 1742 reliquaque
1001 1648 1112 1716 omnia
1134 1646 1318 1714 AEduorum
1363 1646 1371 1656 “

244 1754 417 1848 vectigalia
431 1779 536 1890 parvo
555 1757 662 1847 pretio
678 1753 851 1847 redempta
863 1753 986 1823 habere
996 1767 1197 1848 ,propterea
1209 1751 1317 1845 quod,

150 1925 155 1936 ,
242 1858 300 1948 illo
315 1847 455 1928 licente
457 1875 597 1947 ,contra
614 1857 705 1928 liceri
722 1859 842 1928 audeat
860 1885 967 1929 nemo.
984 1862 1044 1928 His
1059 1859 1158 1927 rebus
1171 1872 1205 1928 et
1222 1883 1318 1954 suam

243 1989 314 2047 rem
328 1913 522 2046 familiaiem
537 1967 683 2054 auxisse,
697 1980 731 2042 et
750 1965 924 2036 facultates
941 1965 983 2040 ad
1001 1965 1207 2060 largiendum
1224 1989 1316 2058 mag

243 2095 302 2140 nas
315 2097 547 2165 comparasse:
561 2097 722 2167 magnum
736 2098 914 2146 numerum
928 2075 1094 2167 equitatus
1108 2097 1169 2141 suo
1182 2085 1324 2166 sumptu

242 2201 374 2272 semper
394 2177 481 2247 alere
509 2194 543 2247 et
573 2180 699 2248 circum
721 2204 757 2248 se
778 2179 927 2248 babere:
947 2205 1054 2275 neque
1076 2177 1184 2248 solum
1206 2177 1316 2264 domi,

237 2284 300 2353 ,sed
322 2286 420 2352 etiarn
443 2285 532 2379 apud
556 2285 712 2354 finitimas
734 2287 884 2355 civitates
903 2285 1038 2381 largiter
1059 2269 1199 2380 posse⁵:
1191 2299 1316 2377 .atque

241 2391 340 2484 hujus
362 2394 518 2485 potentiae
540 2417 640 2461 causa
658 2409 799 2462 matrem
822 2395 857 2460 in
878 2393 1079 2523 Biturigibus
1102 2391 1229 2460 homini
1250 2389 1316 2458 illic

240 2497 444 2567 nobilissimo
462 2523 501 2568 ac
523 2501 751 2595 potentissimo
774 2485 991 2576 collocassc⁵.
985 2502 1116 2593 ·ipsum
1137 2523 1178 2566 ex
1195 2494 1316 2564 Helve-

238 2605 315 2674 tiis⁷
335 2631 474 2674 trxorem
504 2607 650 2676 babere:
669 2631 818 2676 sororem
848 2631 889 2674 ex
918 2619 1026 2672 matre
1052 2617 1086 2671 et
1105 2603 1315 2696 propinquas

242 2735 317 2780 suas
339 2729 482 2809 nuptum
510 2715 544 2780 in
572 2712 650 2781 alias
673 2715 822 2781 civitates
845 2709 1046 2779 collocasse:
1066 2706 1177 2776 favere
1198 2722 1232 2775 et
1256 2731 1313 2777 cu·

239 2910 384 2981 proditoris
400 2923 429 2970 ¹et
453 2909 600 2981 hypocritae
621 2909 754 2962 ambitiosi
798 2907 859 2962 dem
883 2906 955 2977 apud
978 2909 1131 2973 Romanos,
1153 2908 1187 2960 ab
1205 2907 1314 2979 optimis

239 3008 380 3060 personam
390 2991 443 3060 agit
454 2990 544 3041 Liscus
553 2989 610 3040 iste.
624 2987 705 3053 Quod
714 2989 754 3040 sa·
793 2987 925 3057 ‚equestris
938 2985 1041 3042 ordinis
1056 2987 1120 3040 viris
1133 2989 1312 3050 exercebatur.

240 3069 290 3120 cile
302 3070 397 3139 cuique
409 3069 522 3140 patriam
533 3067 630 3120 amanti
642 3067 751 3138 patebit,
840 3073 866 3129 4.
887 3067 1184 3124 lttottcente.1.iceriest
1196 3069 1312 3138 pretium

280 3147 345 3200 Car.
366 3149 471 3200 XVIII.
493 3166 516 3199 1.
537 3148 640 3198 Jactari.
654 3148 687 3198 ln
700 3165 755 3198 me·
797 3144 939 3201 delerrein
950 3147 1073 3211 auctione
1087 3143 1313 3210 facienda(mettre

240 3224 315 3296 dium
325 3228 448 3298 proferri.
798 3222 1024 3298 l’euclrire);quod
1031 3227 1312 3298 quumnonintellige·

283 3308 435 3377 2..()uoerit
450 3307 568 3377 Vulgatt.
589 3302 650 3359 edd.
671 3305 752 3370 eadem
796 3317 838 3358 ret
846 3303 1074 3373 editorvenetus
1078 3307 1312 3360 malemutavitillo

240 3400 328 3438 secreto
347 3387 377 3438 ab
393 3387 447 3438 aliis
463 3391 549 3456 reperit
566 3406 614 3436 esse
634 3404 700 3437 vcra.
717 3385 753 3437 At
797 3387 896 3438 dicente
921 3386 972 3439 ΟΒ.
995 3388 1119 3440 Attamen
1141 3400 1231 3441 noster
1251 3385 1310 3440 cod.

239 3467 269 3534 in
294 3467 418 3536 omnibus
439 3465 517 3536 codd.
525 3466 633 3555 legitur
651 3468 751 3536 quierit,
797 3468 829 3518 R.
854 3467 930 3536 5764
951 3467 1048 3538 aliique
1067 3467 1193 3537 permulti
1213 3466 1313 3518 habent

240 3559 266 3599 et
289 3566 366 3618 graec,
388 3547 499 3617 interpr.
517 3535 607 3606 Αλὶιυς
628 3540 658 3596 tt
679 3544 751 3597 καὶὸ
798 3547 841 3598 ttto
854 3547 1003 3607 discuteret
1018 3547 1161 3616 genuinam
1178 3545 1311 3606 hauclec·

239 3630 339 3695 Καῖσαρ
354 3645 435 3678 ταυτα
450 3628 554 3694 ἐρωτῶν.
561 3623 602 3680 Id.
611 3622 688 3677 codd.
695 3626 751 3677 RR.
797 3626 898 3694 tionem
911 3645 966 3676 esse
977 3623 1145 3682 crediderim.

282 3705 307 3758 3.
329 3705 452 3756 Portoria
464 3704 575 3775 Proprie
584 3717 699 3774 pretium
709 3702 755 3755 da·
841 3705 866 3757 5.
887 3705 1001 3800 Largiter
1009 3723 1090 3774 posse.
1106 3704 1175 3754 Eum
1190 3721 1245 3755 esse
1261 3723 1310 3774 po·

128 3829 131 3841 .
239 3795 298 3837 tum
313 3783 505 3875 portitoribus,
518 3783 564 3854 qui
581 3782 615 3835 de
631 3783 754 3836 citeriore
797 3772 980 3837 tentissimum.

239 3863 298 3935 ripa
311 3865 339 3916 in
355 3863 508 3916 ulteriorem
522 3882 621 3916 merces
634 3861 751 3915 ducunt:
839 3867 866 3916 6.
889 3862 1033 3914 collocasse.
1043 3861 1185 3916 verbum·
1175 3862 1243 3933 juris
1257 3863 1311 3915 usi·

239 3942 268 3995 b.
281 3943 300 4009 l.
313 3944 424 4014 vectigal
437 3963 487 4015 pro
503 3943 618 3995 transitu
636 3941 754 3995 fluminis
799 3941 954 3996 tutissimum
966 3941 1100 3998 Romanis.
1114 3940 1239 3994 Collocare
1253 3962 1311 4013 aup-

240 4022 395 4094 ¹impositum
409 4018 445 4086 (lc
460 4025 525 4074 droit
539 4023 569 4074 de
579 4019 678 4094 plage).
698 4022 754 4074 No·
801 4035 863 4084 uua,
881 4040 928 4073 seu
940 4023 1033 4091 nuptui.

240 4101 364 4168 tandum,
375 4103 509 4175 principes
518 4103 654 4155 Gallorum
666 4102 756 4172 publi·
841 4120 868 4171 7.
889 4101 970 4170 Ipsum
985 4120 1015 4150 ex
1030 4101 1146 4152 Helvetiis
1154 4118 1250 4153 uxorem
1265 4100 1310 4150 lia·

240 4201 367 4257 morum
381 4202 478 4238 munus
490 4182 648 4249 exercuisse3
660 4194 687 4234 et
697 4181 757 4252 qui·
801 4179 1274 4250 bere.Scil.0rgetorig.llliamsup.c.
1282 4178 1308 4232 3.
