3000 5034
243 440 316 507 DE
342 438 522 507 BELLO
544 437 800 506 GALLICO.
828 438 925 507 LIB.
954 426 1063 508 VIII.
1125 438 1215 533 415x

123 572 294 659 civitates,
315 570 401 640 duce
429 553 580 639 Correo⁶
600 568 778 639 Bellovaco
799 584 832 641 et
851 572 1005 642 Commio
1026 572 1204 662 Atrebate,

123 677 309 749 exercitus⁷
330 660 565 773 comparare⁸,
580 690 680 770 atque
697 676 732 745 in
754 701 859 745 unum
880 674 992 747 locum
1010 702 1148 773 cogere,
1167 694 1204 749 ut

124 787 217 855 omni
241 783 452 855 multitudine
476 786 511 853 in
535 782 619 853 fines
638 783 874 871 Suessionum,
895 785 953 879 qui
974 786 1087 855 Remis
1109 802 1206 855 erant

124 893 293 978 attributi,
306 892 455 962 facerent
465 892 734 985 impressionem,
746 891 912 985 pertinere
924 906 1037 966 autem
1051 916 1121 961 non
1137 906 1206 961 tan·
1271 887 1277 905 ⁸

125 1012 199 1070 tum
214 999 257 1066 ad
275 997 487 1093 dignitatem,
505 996 563 1066 sed
581 998 681 1067 etiam
699 995 743 1066 ad
761 994 900 1067 salutem
916 1021 1010 1073 suam
1023 997 1207 1091 judicaret,

126 1103 253 1184 nullam
284 1103 507 1181 calamitatem
529 1106 637 1174 socios
658 1106 784 1199 optime
811 1103 852 1174 de
878 1104 1051 1199 republica
1071 1108 1207 1175 meritos

128 1203 280 1306 accipere
300 1210 490 1306 :legionem
512 1235 553 1279 ex
573 1210 720 1280 hibernis
737 1225 857 1281 evocat
878 1236 992 1284 rursus
1013 1235 1068 1299 xr,
1082 1210 1209 1281 litteras

129 1333 241 1388 autem
255 1317 298 1386 ad
313 1320 351 1387 C.
367 1318 507 1389 Fabium
520 1318 635 1406 mittit,
647 1331 685 1386 ut
695 1318 730 1384 in
741 1316 824 1388 fines
837 1319 1051 1391 Suessionum
1062 1318 1209 1413 legiones

117 1419 230 1512 duas,
245 1448 327 1519 quas
347 1424 511 1513 habebat,
529 1422 731 1512 adduceret,
744 1420 951 1517 alteramque,
965 1448 1006 1495 en
1019 1424 1149 1501 duabus
1166 1424 1209 1493 ab

128 1534 165 1601 T.
185 1530 359 1602 Labieno⁹
378 1532 523 1608 arcessit.
538 1533 611 1617 Ita,
629 1544 792 1624 quantum
813 1530 1031 1606 hibernorum
1047 1546 1212 1626 oppertus

129 1641 216 1709 nitas
232 1636 375 1733 bellique
396 1639 481 1707 ratio
496 1635 708 1733 postulabat,
722 1651 886 1732 perpetuo
911 1662 974 1709 suo
988 1636 1155 1723 labore¹⁰,
1175 1640 1210 1706 in

131 1746 242 1831 vicem
261 1743 447 1839 legionibus
465 1743 713 1839 expeditionum
734 1768 823 1823 ottus
840 1743 1044 1839 iniungebat

134 1965 231 2017 masque
243 1949 273 1996 iis
286 1948 402 1997 civitates.
413 1944 488 1997 Alter
495 1962 560 1997 vero
572 1942 648 2015 5764
694 1944 747 1997 boc
758 1944 838 2015 longe
847 1942 982 1999 dissimilis
996 1942 1134 1999 hodiernis
1143 1964 1199 1998 non

134 2038 253 2079 nostram
266 2025 409 2078 lectionem
423 2024 539 2077 exlsibet.
695 2022 776 2077 nullis
784 2022 896 2078 ducibus
903 2062 911 2089 ,
919 2024 966 2096 qui
975 2061 983 2090 ,
993 2037 1023 2078 nt
1030 2024 1082 2095 ipsi
1093 2023 1213 2079 sedentes

176 2101 652 2174 o.como.codd.‹limidiaferepm
696 2118 723 2157 et
738 2104 824 2156 securi
841 2103 924 2157 vitam
943 2118 1021 2175 agant
1043 2104 1213 2169 liberiorem,

135 2198 162 2239 et
178 2186 270 2239 Celsus
287 2184 389 2237 Corbeo.
404 2183 484 2237 Parvi
498 2184 590 2236 refert.
697 2181 1214 2255 custodias‚vigitio,itinera‚tsctamm

178 2285 205 2336 7.
223 2266 354 2317 Exercitus
369 2283 516 2335 comparare.
529 2263 570 2315 bl.
583 2282 653 2313 exer·
697 2264 851 2316 cohortium
864 2264 1018 2317 emissiones
1030 2264 1094 2317 binc
1109 2278 1137 2319 et
1150 2263 1214 2317 inde

138 2348 221 2397 sitnm.
698 2342 879 2413 multiplicant
890 2344 947 2396 sine
955 2344 1121 2410 necessitate,
1132 2342 1215 2395 modo

187 2428 215 2479 8.
235 2424 397 2494 Comparare,
418 2434 445 2473 ut
459 2425 575 2473 exercitus
590 2423 656 2472 amai
701 2440 730 2475 ac
739 2423 895 2491 fructu:qua
902 2422 1005 2474 ratione
1011 2422 1053 2487 fit,
1061 2434 1091 2474 ut
1097 2423 1215 2493 plerum-

139 2504 304 2565 multitudine,
320 2502 420 2572 insistes
434 2501 654 2559 Suessanameec.
699 2514 919 2573 que,antequam
934 2501 1004 2555 serio
1018 2520 1061 2555 res
1075 2502 1110 2554 sit
1123 2502 1216 2574 prselio

138 2582 198 2637 Hoc
205 2584 266 2637 loco
274 2621 282 2648 ,
291 2579 473 2635 emendandus
483 2582 499 2633 J
501 2580 538 2633 ul.
550 2578 655 2647 Celsus,
700 2580 902 2647 committenda,
911 2580 955 2633 isti
964 2580 1061 2635 milites
1072 2581 1163 2635 labore
1173 2580 1218 2635 de·

139 2665 187 2735 qui
200 2664 298 2715 babet:
312 2681 451 2733 comparare
466 2664 612 2723 exercitum,
631 2671 659 2711 ut
702 2662 761 2715 fessi
772 2660 1217 2719 enerventuraciscillimevincan·

139 2744 287 2797 Suesssoaem
301 2745 380 2793 lanam
403 2742 482 2793 urbem
510 2740 657 2793 invaderent.
702 2752 756 2794 tur.
774 2741 868 2811 Neque
884 2742 1150 2801 tamencaesntianos
1166 2742 1218 2793 mi·

140 2822 403 2876 NomenSuessionum
409 2820 539 2893 prourbis
549 2821 660 2878 nomine
702 2822 763 2874 lites
777 2820 876 2873 otiosos
895 2822 924 2875 in
938 2821 993 2875 suis
1008 2822 1100 2875 cestris
1116 2834 1161 2877 sut
1175 2822 1218 2875 bi·

140 2902 244 2956 babuit.
260 2902 351 2955 Etbas
365 2920 444 2967 voces
457 2905 576 2973 quierant
585 2903 659 2952 attri-
702 2902 793 2956 bernis
812 2901 968 2955 remansisse
988 2899 1153 2957 credendum
1171 2914 1219 2955 est.

141 2982 660 3051 batinonintellexit.-Quieraatattrs'-
697 2982 778 3047 'Quin
799 2980 854 3033 imo
879 2981 1086 3047 exercebantur,
1099 2996 1126 3035 et
1149 2994 1220 3035 certe

142 3063 206 3125 bati,
224 3060 254 3113 id
266 3074 319 3127 est,
330 3062 448 3114 clientes.
704 3063 790 3115 multo
811 3061 893 3131 magis
907 3078 987 3132 mam
1008 3063 1094 3115 nostri
1113 3063 1218 3119 milites„

184 3161 213 3211 9.
226 3143 283 3195 Tito
292 3141 408 3194 Labieno.
422 3138 515 3192 Nostri
527 3136 607 3191 codd.
616 3139 663 3191 ha·
706 3139 759 3193 Sed
771 3140 895 3200 exercitia
900 3154 976 3194 eram
981 3140 1118 3195 moderata
1125 3154 1152 3195 et
1160 3134 1222 3195 con'·

143 3224 210 3277 bent
224 3223 313 3285 Lacio,
333 3234 361 3273 et
376 3220 421 3273 alii
433 3218 569 3290 permulti.
707 3219 807 3284 tinus,
829 3238 879 3273 nec
900 3218 982 3275 duces
1004 3222 1110 3274 romani
1133 3222 1222 3293 oopiss

188 3298 562 3373 10.Perpesu0suolabore.Hic
571 3298 664 3367 Turpia
708 3316 767 3351 suas
782 3317 797 3350 a
812 3297 953 3369 torpedine
968 3312 994 3353 et
1009 3301 1120 3372 segnitie
1133 3300 1224 3353 hiber·

146 3382 176 3434 le
190 3381 278 3444 Crissd,
285 3394 306 3434 t.
316 3399 339 3433 11
347 3400 390 3451 ,p.
409 3399 474 3450 17²·
490 3374 664 3432 Prudentiam
708 3396 822 3443 norum,
832 3378 1015 3433 multominus
1025 3399 1040 3433 s
1051 3380 1134 3433 nimia
1144 3381 1224 3433 licen·

146 3462 515 3533 Cesarispaternumqueejus
524 3476 585 3529 erga
594 3456 664 3509 mili·
709 3458 746 3511 tia
759 3458 884 3523 urbium,
898 3458 988 3512 statim
1003 3458 1037 3512 ad
1056 3462 1185 3513 maximos
1197 3470 1225 3517 et

147 3555 186 3594 tes
202 3542 322 3594 animum
335 3538 439 3604 laudat,
452 3537 500 3609 qui
514 3549 666 3589 constanter
710 3556 873 3592 aerumnosos
892 3537 996 3592 labores
1010 3540 1224 3593 transvehebant·

148 3623 178 3673 in
189 3621 243 3674 suis
259 3617 561 3691 expeditionibus,uth.
569 3618 589 3671 l.
600 3636 667 3688 prae·
709 3617 761 3671 Hic
776 3617 858 3689 igitur,-
870 3636 954 3689 quum
967 3619 1076 3673 consilia
1085 3618 1225 3673 Gallorum

148 3700 256 3763 sertim,
275 3701 346 3753 vires
366 3718 459 3752 eorum
475 3696 668 3770 sapientissime
711 3698 1226 3771 amntincensetincoherentiaquis·

150 3778 349 3846 moderabatur,
357 3780 394 3832 ita
401 3792 479 3831 uteas
485 3776 625 3830 adhiberet
634 3774 669 3837 ad
712 3797 766 3849 qne
781 3778 1057 3850 populussingulatim
1070 3796 1228 3851 oppugnan-

150 3858 669 3932 tempussolum,quumnecessitaspos·
713 3856 764 3914 dus
787 3870 858 3924 erat,
871 3876 923 3913 nec
943 3876 1007 3913 cum
1021 3872 1078 3912 toto
1101 3860 1226 3914 exercitu.

150 3937 669 4010 ceret3partim,sidesimplicitumultu
713 3936 1228 4011 Satiseifueruntduselegiones:atnon

152 4018 270 4073 sedando
279 4019 441 4091 ageretur‚in
449 4029 545 4082 totum,
553 4018 575 4069 si
582 4015 616 4069 de
623 4035 668 4069 ex·
713 4036 818 4089 semper
830 4018 941 4085 iisdem,
951 4017 998 4073 sed
1012 4019 1094 4074 modo
1105 4020 1161 4086 his,
1171 4038 1229 4073 mo·

153 4097 291 4172 peditione
302 4098 412 4151 maximi
424 4096 567 4162 momenti,
580 4115 671 4167 quem
714 4096 750 4149 do
767 4098 819 4151 illis
837 4118 900 4156 usus
915 4110 962 4153 est.
976 4100 1036 4165 Qua
1048 4119 1078 4153 re
1089 4101 1184 4164 fiebat,
1199 4112 1230 4155 ut

155 4177 300 4233 admodum
317 4178 346 4232 in
365 4176 504 4231 obsidione
519 4176 621 4234 Alesia.
637 4177 670 4229 In
714 4178 874 4249 paratissimi
887 4178 1231 4255 etexpeditissimimilites,
