3000 5034
11 417 12 432 Ν
223 413 1059 539 Ἳιιιιιιιοιιιιιιοοιιιιιι.
1131 463 1205 545 365

124 596 241 698 pulsi,
257 597 459 668 adhortatus
482 593 526 663 ad
552 592 700 664 laborem
728 593 872 685 milites,
893 594 1038 667 Alesiam
1064 599 1205 669 circum·

125 702 257 773 vallare
278 704 428 773 instituit
987 778 990 784 ,

123 871 128 882 ,
186 809 313 880 LXIX.
340 812 457 904 Ipsum
474 821 547 877 erat
572 807 733 903 oppidum
755 811 789 877 in
811 806 895 879 colle
916 833 1069 899 summo,
1091 812 1206 883 admo·

123 916 212 987 dnm
234 916 325 985 edito
346 914 442 1001 loco,
455 929 511 1002 ut,
529 916 592 983 nisi
609 914 780 985 obsidione
793 969 803 1005 ,
818 918 1000 1012 expugnari
1021 943 1089 987 non
1108 944 1205 1013 posse
1314 972 1319 979 .

126 1023 310 1105 videretur.
339 1022 444 1115 Cujus
465 1020 557 1090 collis
584 1020 710 1091 radices
732 1021 799 1091 duo
827 1023 956 1093 duabus
984 1048 1025 1093 ex
1056 1026 1206 1120 partibus

124 1127 288 1199 flumina¹
308 1127 515 1215 subluebant
537 1129 625 1196 Ante
641 1128 675 1197 id
696 1128 856 1223 oppidum
877 1128 1050 1225 planities²
1074 1131 1206 1201 circiter

123 1235 234 1309 millia
258 1259 415 1330 passuum
441 1235 525 1303 III
516 1258 550 1301 m
571 1232 809 1364 longitudinem
833 1236 989 1329 patebat:
1012 1236 1145 1331 reliquis
1165 1264 1206 1309 ex

117 1342 288 1424 omnibus
305 1340 454 1437 partibus
471 1325 606 1427 colles³,
621 1341 806 1429 mediocri
797 1342 970 1436 interjecto
992 1344 1117 1437 spatio,
1133 1345 1206 1440 pari

118 1447 315 1517 altitudinis
328 1448 484 1542 insugio,
505 1394 665 1542 oppidum
687 1447 873 1585 cingebant
898 1449 967 1518 Sub
990 1474 1087 1518 muro
1100 1476 1205 1545 ,quae

125 1578 230 1649 pars
233 1552 326 1623 collis
347 1554 390 1622 ad
411 1556 572 1623 orientem
594 1540 719 1623 solem⁴
739 1554 934 1649 spectabat,
955 1554 1046 1625 hunc
1069 1580 1204 1625 omnem

126 1659 243 1730 locum
247 1661 365 1790 copias
385 1659 560 1730 Gallorum
581 1659 851 1756 eompleverant,
872 1660 1059 1756 fossamque
1080 1676 1115 1731 et
1134 1687 1205 1733 ma·

127 1753 274 1836 ceriam⁵
289 1792 345 1836 sea
360 1768 394 1835 in
410 1764 616 1857 altitudinem
631 1767 754 1862 pedum
770 1766 1012 1862 praeduxerant
1030 1768 1111 1861 Ejus
1129 1795 1203 1839 mu·

126 1859 290 1943 ιιιιιιιιιιι6
293 1927 302 1961 ,
329 1897 403 1967 quae
429 1872 472 1941 ab
499 1848 659 1965 Romanis
690 1874 948 1962 instituebatur,
968 1876 1125 1962 circuitus
1152 1878 1204 1946 XI

127 1979 270 2050 millium
290 2004 448 2075 passuum
467 1981 610 2050 tenebat.
632 1983 752 2051 Castra
772 1928 968 2075 opportunis
988 1980 1092 2051 locis⁷
1108 1995 1205 2051 erant

121 2079 260 2181 posita,
281 2085 391 2180 ibique
413 2085 546 2157 castella
569 2072 707 2157 xxll1⁸
730 2087 839 2157 facta·
831 2087 1016 2181 ,quibus
1007 2112 1042 2157 m
1063 2088 1203 2161 castellis

129 2326 134 2333 -
170 2287 236 2340 Cin.
248 2286 348 2339 LXIX.
366 2285 460 2341 1.,Duo
466 2286 644 2357 βιιιιιιιὼιι-
689 2298 826 2351 cemento,
840 2286 907 2339 alius
921 2305 1001 2359 super
1014 2287 1096 2341 alium
1105 2289 1203 2361 positi,

127 2380 187 2420 tosa
196 2380 223 2420 et
235 2367 360 2430 &esula
371 2367 437 2417 Loze
448 2378 473 2416 et
481 2366 503 2416 le
515 2367 644 2418 Laurum
687 2365 734 2435 qui
741 2384 768 2417 se
775 2365 889 2419 invicem
900 2376 1063 2420 sustentant:
1076 2371 1130 2436 jam
1143 2381 1203 2423 ante

174 2468 199 2499 ι.
211 2447 332 2499 Planities
343 2446 401 2497 nu'll.
416 2464 484 2515 pass.
497 2445 543 2497 III
553 2449 578 2495 in
591 2445 644 2496 lon·
688 2445 848 2497 monuimus.
862 2441 963 2507 (e'e'tait
974 2465 1005 2497 un
1015 2460 1120 2518 rampart
1126 2457 1204 2502 noctu

126 2527 271 2619 gituds'nern.
286 2524 374 2579 Scilic
386 2526 420 2577 ab
433 2524 504 2617 ipsis,
511 2522 645 2576 radicibus
688 2525 750 2575 d'un
765 2544 819 2575 rnur
829 2524 858 2575 de
869 2525 975 2593 grandes
986 2529 1078 2595 pierres
1087 2525 1185 2591 siches).

23 2624 28 2636 ·
127 2607 230 2661 montis
242 2606 291 2659 ubi
306 2617 363 2657 erat
375 2604 463 2657 Alesia
484 2604 532 2657 sita
539 2622 644 2675 ,usqne
729 2606 757 2656 6.
772 2604 836 2673 Ejus
852 2608 997 2657 munitiones.
1011 2605 1063 2659 Per
1077 2608 1204 2661 munitio·

127 2687 200 2739 ultra
213 2684 377 2740 confluentes
390 2683 644 2749 Lateranorum,
687 2700 751 2735 nem
766 2682 886 2755 intellige
900 2684 995 2736 fossam
1010 2696 1036 2737 et
1048 2686 1157 2739 vallum.
1167 2688 1203 2741 Et

126 2785 222 2819 versus
235 2763 408 2819 occidentem.
424 2762 566 2816 Goduinua
580 2763 644 2834 qui,
688 2762 717 2815 id
730 2762 853 2855 estquod
864 2752 1200 2835 dicimus'circonuallatr'on,

128 2858 293 2917 ntapparet,
302 2857 384 2897 sitnm
393 2844 644 2909 locorumnoverat
687 2844 730 2898 vel
740 2856 856 2897 munitio
864 2856 984 2897 mterror
993 2844 1078 2897 Porro
1086 2847 1202 2900 munitio

128 2926 168 2979 ait
179 2926 249 2979 hanc
262 2925 401 2996 planitiem
413 2936 504 2995 patere
519 2924 548 2975 in
561 2924 645 2993 longi·
687 2923 736 2977 ista
747 2923 897 2977 habebatxr
911 2924 976 2977 mill.
990 2943 1125 2995 passuum,
1132 2927 1203 2981 circa

128 3004 267 3068 tudinem,
281 3004 356 3074 aridus
367 3003 539 3074 quadrantibus
556 3005 642 3066 leucae,
687 3015 803 3073 quatuor
815 3005 903 3057 leucas
914 3004 944 3055 in
957 3005 1080 3059 circuitu.

128 3081 205 3148 (trois
218 3096 301 3157 quarts
315 3084 417 3145 delicus
429 3083 459 3134 de
473 3079 550 3151 long.)
564 3082 645 3135 Unde
730 3103 756 3152 7.
774 3082 922 3154 opportunis
938 3084 1004 3136 locu.
1021 3085 1107 3139 Scilic.
1123 3104 1202 3157 supra

128 3165 240 3237 conjicit
260 3164 347 3217 leucas
369 3163 474 3236 galbeos
496 3162 600 3215 efficere
615 3179 644 3217 ιι
687 3163 767 3215 colles
790 3164 838 3233 qui
864 3164 1006 3233 cingebant
1024 3164 1164 3236 oppidum,
1178 3166 1205 3219 Il

127 3245 196 3301 mill.
208 3262 277 3297 rom.
290 3245 441 3315 Perperam.
451 3243 569 3308 anstio
577 3248 644 3312 peir-
687 3261 776 3311 occupa
792 3242 826 3293 les
836 3255 918 3313 postes
934 3243 968 3293 les
978 3244 1036 3314 plus
1051 3256 1204 3314 arantageua

128 3323 176 3377 det
189 3326 223 3377 ab
236 3342 270 3376 eo
281 3323 342 3376 loco
356 3323 404 3376 nbi
418 3322 539 3394 planitiei
553 3322 644 3373 termi-
687 3321 814 3397 amourde
827 3321 852 3371 la
864 3322 941 3373 cille:
951 3333 977 3373 et
986 3322 1015 3374 hi
1024 3334 1099 3375 erant
1105 3325 1201 3391 colles,

39 3434 43 3439 ·
127 3404 376 3474 num-imposueris.
389 3400 455 3455 vid.
469 3400 643 3471 ichnograph.
687 3401 785 3471 quibus
795 3413 878 3453 casua
889 3400 1012 3471 imposita
1023 3403 1141 3456 fuerunt.

127 3484 223 3538 Atesis
235 3484 299 3537 huie
312 3484 383 3535 libro
395 3480 583 3535 adherentem.
728 3484 755 3535 8.
767 3479 874 3532 canella
881 3480 992 3533 XXIII.
1005 3482 1045 3533 De
1052 3482 1084 3533 iis
1090 3481 1203 3537 castellis

170 3564 198 3617 3.
213 3562 449 3633 Colles....opps'dran
456 3561 592 3631 cingebant.
602 3559 643 3613 Sc.
686 3558 749 3613 vide
763 3577 822 3631 quas
836 3557 992 3623 diximus,l.
1003 3578 1031 3625 1,
1045 3579 1068 3613 c.
1085 3563 1118 3627 8,
1130 3582 1158 3615 n.
1174 3562 1200 3617 5.

128 3658 231 3715 septem
243 3643 287 3696 vel
300 3655 364 3695 octo
376 3659 497 3695 numero.
508 3639 572 3693 Vid.
586 3640 644 3692 ich-
687 3638 799 3705 Gallice,
808 3633 868 3701 (des
882 3636 1022 3706 redoutes);
1037 3640 1073 3693 ita
1086 3641 1159 3694 enim
1171 3660 1202 3695 ea

14 3782 19 3790 ¹
128 3722 306 3795 nogrspbiam
319 3720 466 3775 obsidionis
480 3721 616 3773 Alesianae.
686 3721 788 3792 optime
805 3719 945 3775 Guisclsard
963 3732 1055 3786 vocat,
1077 3734 1097 3773 t.
1112 3740 1141 3773 ιι
1149 3738 1200 3793 ,.p

134 3810 198 3867 4.
211 3803 259 3855 Ad
276 3809 389 3855 orientem
410 3802 491 3853 solem.
514 3800 645 3853 Nonnulli
691 3801 765 3869 137,
775 3800 902 3853 Me'moires
925 3820 968 3851 sur
981 3800 1102 3872 plusieurs
1119 3805 1202 3872 points

129 3848 221 3937 delent
234 3861 315 3935 salarii.
326 3881 454 3937 Hac-vox
466 3892 602 3951 comparet
615 3880 644 3932 in
686 3880 918 3953 d'antiquite'smr'lit.
933 3876 1170 3951 TurpindeCrisse',
1180 3892 1202 3936 t.

114 3976 196 4040 -optt,
211 3962 386 4026 membrum,
397 3961 572 4015 etmnostro
582 3957 643 4013 cod
688 3978 712 4013 ιι
720 3979 772 4031 ,.p
791 3961 860 4026 1²3,
876 3959 918 4011 des
932 3961 1013 4027 forts,·
1027 3972 1053 4013 at
1066 3972 1159 4013 contra
1172 3960 1201 4015 in

132 4034 226 4113 5763,
239 4060 299 4113 quas
314 4040 423 4114 quidem
435 4052 562 4095 convemt
574 4040 644 4110 stylo
688 4040 742 4093 suis
755 4040 971 4111 ichnographiis‚
979 4040 1086 4106 Clark,
1094 4039 1203 4095 Ouden-

129 4123 241 4177 Caesaris
254 4122 378 4193 pleniori.
688 4118 768 4190 dorp.
795 4132 822 4173 et
840 4120 901 4184 alii,
912 4120 991 4173 nohis
1013 4132 1203 4192 repraesentant

172 4204 198 4257 5.
212 4202 356 4259 Maserr‘arn.
379 4198 608 4271 suntlapides
587 4218 645 4256 sine
691 4198 1203 4279 prmltssturresligneasvellapideas,
