3000 5034
161 550 1220 580 mmmmmmmuw

150 745 225 902 c.
285 750 616 905 ΜΠ
664 689 1220 909 CAESARIS

435 1040 495 1100 DE
524 1046 681 1102 BELLO
709 1048 923 1107 GALLICO

347 1244 1004 1351 COMMENTARII.

537 1491 829 1521 -ψ-

377 1676 589 1767 nrnnn
626 1678 966 1794 Qninrus.

144 1894 304 2012 Lucro
336 1940 507 2026 Domitio,
530 1938 641 2034 Appio
666 1938 809 2009 Claudio
840 1964 924 2010 coss.
939 1939 962 2027 ¹,
980 1939 1152 2010 discedens
1176 1942 1220 2010 ab

142 2045 285 2115 hibernis
299 2047 412 2115 Caesar
425 2047 460 2114 in
472 2042 603 2115 Italiam
613 2045 635 2135 ²,
648 2061 687 2115 ut
704 2050 884 2141 quotannis
897 2047 1007 2116 lacere
1023 2064 1220 2136 consuerat,

143 2152 272 2247 legatis
294 2154 456 2247 imperat,
478 2178 561 2247 quos
584 2152 769 2249 legionibus
791 2153 1006 2247 prefecerat,
1022 2156 1089 2243 uti,
1103 2179 1218 2249 quam·

142 2258 298 2353 plurimas
324 2274 482 2354 possent,
508 2260 617 2329 hieme
643 2284 746 2329 naves
772 2259 1001 2347 aedificandas,
1025 2275 1218 2356 veteresque

141 2366 333 2436 reficiendas
353 2380 517 2435 curarent.
533 2368 659 2435 Eorum
677 2365 816 2435 modurn
832 2365 1040 2460 formamque
1062 2364 1218 2436 demons-

142 2486 212 2541 trat.
227 2473 282 2543 Ad
293 2472 496 2543 celeritatem
509 2473 671 2542 onerandi
689 2472 992 2567 subductionesque
1006 2458 1126 2567 ³'paulo
1139 2473 1220 2542 lacit
1310 2499 1316 2514 ¹

141 2576 353 2667 humiliores,
378 2604 478 2674 qnam
503 2580 623 2675 quibus
646 2582 681 2647 in
708 2594 825 2649 nostro
849 2565 958 2647 maril
971 2580 1020 2647 uti
1044 2580 1217 2647 consuevi-

140 2708 229 2775 mus3
244 2702 344 2782 atque
362 2687 396 2756 id
415 2712 455 2756 eo
476 2688 600 2782 magis,
621 2686 711 2781 quod
731 2701 872 2782 propter
885 2686 1018 2757 crebras
1033 2700 1218 2755 commuta·

140 2794 243 2863 tiones
266 2809 407 2865 aestuurn
429 2795 539 2863 minus
564 2776 728 2890 magnos⁵
748 2794 795 2863 ibi
818 2793 941 2863 flnctus
960 2793 1032 2862 lieri
1050 2816 1217 2886 cognove-

177 2996 244 3048 Cnr.
259 2997 282 3048 1.
303 3014 328 3048 r,
341 2996 371 3047 L.
382 2996 507 3060 Domitio,
518 2994 568 3066 Ap.
578 2993 655 3047 Clau·
699 3006 843 3060 rentur,et
850 2992 1063 3049 subducerentur
1071 2994 1216 3047 interram.

141 3073 180 3125 dio
191 3094 252 3128 coss.
264 3077 344 3127 Anno
359 3075 393 3127 U.
408 3076 439 3128 C.
456 3075 657 3127 nou—Domi·
700 3073 1217 3147 Oudendorpplacebutlectioseqnens:

142 3158 181 3207 tio.
200 3156 241 3207 De
258 3174 290 3207 eo
307 3156 431 3225 frequens
446 3154 517 3225 apud
532 3166 656 3207 nostrum
699 3154 747 3207 Ad
776 3156 921 3207 celeritatem
947 3154 1088 3216 onerandi,
1117 3155 1218 3206 subdue-

142 3236 242 3288 mentio
266 3236 295 3287 in
311 3235 387 3288 Bello
403 3234 493 3289 Civili.
513 3266 554 3277 -
572 3235 656 3306 Appio
700 3236 817 3305 tiom'sque
825 3234 903 3305 paulo
912 3236 980 3302 fucit
994 3236 1138 3287 humiliem.
1151 3234 1218 3286 Nos·

143 3313 254 3368 Claudio.
278 3316 305 3368 Ie
323 3316 404 3368 frater
424 3315 475 3368 fuit
495 3314 525 3367 P.
548 3312 655 3381 Clodii,
700 3312 735 3365 tri
752 3312 832 3366 eodd.
849 3314 907 3365 RR.
923 3314 1101 3384 antiquissimi
1116 3314 1218 3366 habent

141 3396 184 3465 qu'
200 3415 216 3448 a
231 3395 335 3449 Milone
348 3394 501 3449 interfectus
512 3394 571 3447 fuit.
587 3396 657 3447 Ante
699 3392 873 3445 subductrones.

141 3472 317 3529 Pharsalicam
326 3491 444 3547 pugnem
455 3475 551 3527 morbo
567 3472 657 3545 impli·
741 3479 768 3536 4.
784 3473 903 3525 Innostm
910 3476 979 3524 mart.
987 3470 1217 3526 Mediterraneum

141 3555 205 3609 citus
218 3554 333 3611 decessit
342 3556 371 3608 in
383 3554 494 3609 Gracia.
700 3566 859 3606 maresuum
865 3552 996 3605 vocabant
1005 3553 1128 3605 Romani.
1137 3553 1217 3605 Pom·

180 3656 207 3689 α.
223 3636 331 3689 Italiam.
344 3636 366 3688 Ι.
381 3654 404 3688 e.
414 3634 529 3688 Galliam
541 3632 657 3689 Citerio·
699 3647 764 3703 pon.
780 3633 867 3698 Mela,
881 3632 899 3684 l.
913 3650 939 3696 1,
950 3651 973 3684 e.
990 3650 1014 3684 r.
1027 3631 1061 3685 Id
1074 3652 1155 3692 omne,
1169 3652 1217 3704 qna

141 3732 212 3782 tem,
222 3716 401 3787 Cisalpinam,
411 3734 470 3788 quae
481 3726 538 3771 eret
547 3712 657 3767 Cumis
699 3718 780 3776 venit,
792 3733 886 3786 quaque
900 3711 1060 3783 dispergitur,
1078 3732 1126 3764 uno
1139 3730 1216 3762 voca·

140 3797 285 3865 provincia.
700 3791 1216 3847 tutanostrummaredrnmrpintton-

180 3875 410 3944 &Subductionen
428 3874 496 3929 Sunt
513 3872 657 3928 tractiones
700 3874 768 3925 nulli
785 3871 876 3928 delent
895 3872 1128 3945 praepositionem
1148 3871 1216 3923 male

142 3956 234 4008 emori
246 3955 275 4007 in
289 3966 395 4008 terram.
410 3952 477 4008 Vid.
493 3972 550 4027 cap.
564 3972 608 4008 11.
616 3985 658 3997 -
700 3966 727 4007 et
738 3968 832 4007 contra
844 3952 924 4008 oodd,
939 3953 1047 4024 optimu
1060 3964 1139 4004 note.

142 4032 321 4087 Subdroetiones.
343 4034 434 4089 Codex
456 4054 511 4107 reg.
538 4034 607 4106 angl.
631 4045 659 4086 et
743 4035 769 4087 5.
785 4034 869 4087 Manus
882 4053 990 4105 magnos.
1001 4032 1216 4101 Nonnullimagis

143 4112 205 4189 edit.
221 4129 325 4168 roman.
343 4114 527 4181 Subductr'ores,
535 4116 658 4186 pauloque
701 4132 810 4184 magnos.
826 4114 897 4168 Male
917 4126 944 4168 et
962 4126 1057 4167 contra
1078 4111 1216 4185 experien-

139 4194 356 4259 sactttumittores.
372 4196 435 4249 Non
450 4196 519 4249 male
533 4206 618 4260 certe,
630 4204 658 4247 et
700 4194 774 4247 tium.
792 4196 889 4251 Ceteri
904 4214 1011 4262 omnes,
1021 4206 1048 4248 et
1062 4190 1124 4247 edd.
1140 4194 1217 4245 minin

144 4272 210 4329 sorte
223 4276 324 4331 rectius
341 4293 349 4330 τ
366 4294 419 4348 quo
435 4276 545 4332 celerius
561 4290 656 4329 onera·
700 4289 810 4346 magnos.
