3000 5034
280 457 350 524 DE
376 454 554 525 BELLO
582 455 834 525 cutmen.
864 458 961 527 LIB
989 461 1104 530 VIII.
1169 458 1242 552 431

221 589 384 658 XXXIX.
413 589 465 657 Ibi
483 587 609 658 crebris
630 585 746 658 litteris
759 591 891 660 Caninii
902 590 943 660 fit
956 595 1097 684 certior,
1110 619 1185 691 que
1204 599 1247 670 de

166 697 340 792 Drappete
359 711 395 764 et
416 693 594 766 Lucterio¹
617 710 710 791 gesta
735 711 872 786 essent,
898 709 1032 796 quoque
1052 702 1088 770 in
1109 704 1247 776 oonsilio

166 817 402 900 permanerent
423 802 589 921 oppidani
615 803 771 892 Quorum
794 805 854 873 etsi
873 809 1076 900 paucitatem
1096 826 1246 882 contem

166 910 287 999 nebat,
305 924 419 980 tomen
439 909 656 1005 pertinaciam
678 929 801 1006 magna
821 935 922 1007 poeno
942 937 1014 983 esse
1034 913 1247 990 afficiendam

162 1015 358 1110 judicabam
378 1041 422 1086 ne
440 1019 596 1086 universa
615 1015 743 1106 Gallia,
763 1032 833 1087 non
851 1021 940 1089 vires
959 1021 1023 1090 sibi
1041 1021 1186 1094 delinisse
1203 1019 1247 1096 ιιι

164 1124 386 1194 resistendum
412 1125 594 1211 Romanis,
620 1123 679 1192 sed
707 1127 952 1214 constantiam,
975 1140 1136 1222 putaret,
1162 1154 1248 1202 neve

165 1231 231 1300 hoc
251 1229 404 1327 exemplo
424 1245 541 1302 cetere
561 1230 733 1320 civitates,
746 1229 898 1302 looorurn
914 1239 1165 1330 opportunitate
1181 1239 1246 1308 fre·

165 1352 228 1426 te,
255 1361 289 1407 se
320 1337 529 1407 vindicarent
554 1339 588 1405 ιιι
614 1334 824 1407 libertatem:
844 1364 949 1434 quum
971 1343 1128 1413 omnibus
1142 1345 1247 1416 Gallis

164 1459 283 1514 notum
305 1445 405 1514 sciret
415 1443 605 1540 ,reliquum
618 1467 694 1513 esse
712 1467 816 1514 unam
836 1445 1004 1516 testatem'
1027 1472 1095 1519 cue
1110 1453 1247 1545 provin·

164 1553 241 1622 cire·
233 1572 359 1648 ,quarn
374 1553 400 1620 si
414 1554 575 1622 sustinere
594 1552 799 1682 potuissent,
813 1551 944 1621 nullum
959 1551 1048 1625 ultra
1061 1557 1247 1650 periculum

163 1673 369 1728 vererentur.
392 1661 571 1779 ItaqueQ.
594 1643 777 1726 Calenum³
796 1658 942 1756 legatum
963 1683 1041 1731 curn
1062 1661 1246 1784 legionibus

163 1767 198 1835 II
218 1765 376 1885 reliquit,
396 1768 453 1860 qui
475 1765 572 1859 justis
595 1765 766 1854 itineribus
791 1791 829 1834 se
853 1766 1148 1861 subsequeretur.
1176 1773 1247 1867 ipse

164 1894 242 1942 cum
257 1875 350 1941 omni
363 1874 531 1966 equitatu,
549 1896 652 1968 quarn
668 1886 779 1968 potest
796 1873 991 1963 celerrime,
1007 1875 1052 1943 ad
1066 1877 1245 1947 caninium

164 1979 344 2049 contendit.

217 2089 291 2156 XL.
312 2089 427 2175 Quum
439 2100 557 2156 contre
565 2088 848 2181 exspectationem
860 2089 1010 2157 omniurn
1021 2091 1134 2160 Cesar
1142 2090 1246 2162 Uxel·

164 2192 337 2262 lodunum¹
352 2195 515 2281 venisset,
526 2193 753 2288 oppidumque
765 2193 922 2288 operibus
935 2193 1086 2265 clausum
1097 2198 1246 2268 animum

164 2299 366 2398 adverteret,
380 2323 486 2393 neque
499 2299 807 2394 aboppugnatione
820 2300 930 2369 recedi
938 2299 1082 2370 videret²
1091 2299 1158 2372 ulla
1171 2328 1246 2373 con-

165 2406 288 2476 ditione
307 2432 424 2502 posse3
440 2417 562 2502 magna
579 2420 690 2474 autem
709 2407 807 2500 copia
824 2406 982 2475 frumenti
998 2407 1169 2477 abundare
1184 2436 1261 2505 op-⁴

165 2609 310 2664 necessaria
325 2622 407 2672 esset,
424 2621 454 2662 ut
465 2608 536 2661 bello
550 2619 604 2660 tam
619 2604 682 2660 diu·
726 2625 842 2671 nomeu,
858 2619 889 2660 ut
900 2607 1028 2678 pleraque
1037 2609 1125 2661 solent
1135 2610 1244 2665 nomina

166 2702 249 2742 turno
255 2689 385 2742 terminus
391 2689 582 2760 imponeretur,
590 2689 623 2738 In
630 2687 682 2740 hoc
725 2688 852 2758 propria,
863 2700 992 2758 corrupte
1002 2688 1101 2759 legitur
1113 2688 1187 2760 apud
1197 2709 1244 2744 co·

166 2770 336 2824 consentiunt
349 2787 442 2822 omnes
453 2769 612 2840 scriptores,
624 2779 683 2820 tuna
726 2765 806 2820 dices
820 2768 862 2820 Al.
878 2767 1088 2833 Arianodum,
1101 2769 1245 2825 aliimnlto

164 2863 280 2916 veteres,
295 2867 357 2902 cnm
372 2851 541 2902 recentiores.
725 2847 1049 2918 plurestluttadom,vet
1056 2848 1242 2904 Ucrllodrotrcn.

205 2931 269 2984 Car.
286 2930 416 2982 XXXIX.
436 2947 460 2982 ι.
478 2930 542 2999 Quoe
556 2929 586 2978 de
600 2928 682 2998 Drap·
726 2927 824 2982 Noster
839 2926 964 2981 eodexll.
976 2928 1062 2999 5764·
1072 2929 1243 2998 Vetodmm,

162 3023 216 3080 pete
237 3022 262 3062 et
282 3011 395 3062 Lucterio
415 3021 484 3078 gesta
506 3019 590 3060 ιιιιιιι.
615 3009 682 3073 Qua
726 3006 802 3078 quod
823 3027 923 3062 nomen
943 3008 1040 3062 nullibi
1058 3008 1097 3063 ita
1112 3010 1243 3082 seriptum

165 3091 295 3162 Drappeti
317 3103 345 3146 et
366 3089 492 3142 Lucterio
517 3086 681 3142 accidissent.
726 3088 844 3142 inuenio.
861 3087 934 3141 Vide
947 3087 1065 3142 indicem
1078 3092 1222 3162 geogrqsb.

165 3172 205 3223 De
217 3171 300 3243 aliquo
317 3172 384 3240 geri,
403 3167 476 3222 idem
498 3181 537 3222 est
557 3166 632 3238 quod
653 3168 682 3220 ds
770 3188 796 3220 s.
812 3169 898 3240 Neque
915 3169 947 3220 ab
964 3173 1144 3238 oppugnarem
1164 3172 1243 3224 mett

166 3249 324 3323 aliquofieri,
339 3248 386 3302 sed
396 3249 548 3306 inusitatior
554 3246 684 3318 loquendi
726 3247 834 3309 uideret.
845 3259 890 3301 etc.
902 3246 970 3303 cod.
983 3249 1144 3303 Petavinnus
1151 3269 1159 3304 τ
1167 3269 1243 3324 neque

165 3329 276 3396 modus,
296 3343 328 3382 nt
346 3332 469 3384 observet
490 3329 622 3382 Clarkius.
642 3328 683 3380 De
726 3331 985 3398 oppugnationem
998 3332 1083 3399 recipi,
1100 3331 1243 3384 autconda·-

43 3443 48 3450 κ
166 3411 265 3464 abessa
280 3410 340 3466 cod.
358 3411 452 3464 Voss:
469 3410 546 3462 male.
727 3412 791 3460 tione
806 3408 858 3460 ulls
878 3408 1243 3473 numentanorum

208 3511 233 3544 ι.
247 3491 374 3562 Reliquam
395 3510 444 3562 erse
467 3509 539 3542 unam
565 3500 681 3542 astatum
727 3489 859 3559 probabat
876 3487 1032 3542 Gruterus.
1051 3501 1078 3541 at
1097 3491 1172 3542 nulla
1191 3491 1244 3543 ιιιι

166 3572 258 3636 Quum
273 3572 346 3632 enim
362 3589 390 3623 ιι
404 3571 480 3622 annis
494 3589 557 3626 cum
568 3559 682 3624 dimidio
727 3569 851 3621 firmatur
873 3569 1038 3622 anctoritate
1063 3569 1170 3622 Nihil'
1161 3571 1244 3642 igitur

99 3667 101 3670 ·
163 3653 219 3722 jam
233 3652 397 3722 prefuisset,
409 3669 461 3704 una
475 3663 548 3704 estas
559 3663 615 3703 erat
623 3649 684 3702 reh
727 3647 896 3706 mutandum
905 3649 1011 3702 Nostrae
1022 3661 1112 3702 autem
1121 3651 1243 3704 lecnoms

165 3750 227 3804 qun.
242 3731 390 3802 Imperium
402 3732 475 3784 enim
489 3731 528 3782 illi
542 3749 591 3801 per
603 3730 682 3800 quin·
727 3729 784 3782 hec
799 3743 839 3782 est
856 3729 1042 3799 interpretatio
1054 3748 1061 3782 ι
1076 3730 1244 3800 Intelligebat

166 3813 339 3883 quiennium,
347 3823 379 3866 ut
389 3830 422 3864 ex
432 3811 564 3882 Eutropio
575 3829 684 3882 cognos-
728 3811 815 3864 Cesar
821 3826 946 3880 ιιιιιμοιιι
953 3809 1031 3860 modi
1038 3810 1094 3862 ullo
1102 3808 1193 3869 modo,
1200 3812 1243 3864 rel

166 3892 251 3957 citur,
268 3893 355 3946 fuerat
368 3904 549 3962 prorogatum.
564 3892 636 3946 Gon.
725 3891 782 3942 ulla
798 3891 856 3954 ria,
872 3886 1042 3954 conditione,
1055 3894 1134 3961 pnc'to
1148 3892 1244 3961 quovis

209 3973 234 4025 3.
247 3973 280 4042 Q.
298 3972 422 4026 catenum.
438 3971 556 4036 Quintus
567 3973 616 4024 iste
630 3972 681 4026 Cn·
727 3971 760 4024 ab
767 3973 956 4041 oppugnatione,
966 3970 1022 4021 scil.
1034 3969 1244 4041 oppugnandum

167 4051 242 4106 lenus
263 4051 436 4123 postmodum
457 4051 573 4104 Athenas
595 4049 681 4122 cepif,
726 4068 782 4104 esse
797 4051 891 4122 utique
904 4048 1105 4121 oppidum‚'uti
1114 4051 1244 4108 cnutus

167 4132 270 4204 fuitque
276 4133 368 4186 consul
380 4151 450 4184 anno
464 4130 550 4200 proelii
563 4131 680 4186 Pharsali
726 4144 854 4201 coeperat,
869 4141 901 4184 ut
919 4131 1087 4202 frangeretur
1097 4132 1245 4202 pertinacia

209 4213 276 4269 Cn.
291 4213 349 4268 XL.
369 4231 405 4267 1..
419 4211 603 4288 deductorium.
623 4210 682 4268 Hoc
729 4209 949 4282 oppidanorum:
990 4238 993 4244 ,

268 4317 275 4326 .
1014 4317 1086 4413 29,
