3000 5034
273 492 321 572 56
419 500 457 569 C.
485 495 628 568 JULII
656 495 891 567 CAESARIS
918 495 1194 569 COMMENT.
1228 528 1237 536 ·

267 653 453 701 romonum.
481 635 663 725 Nunquam
688 643 766 698 ante
793 630 860 704 hoc
880 644 1013 725 tempus
1031 632 1213 701 exercitam
1227 631 1350 727 populi

265 742 396 808 romani
419 737 534 808 Galliae
556 738 738 832 provinciae
760 737 844 806 fines
866 759 1035 831 egressum
1043 737 1066 805 ⁹.
1085 738 1177 828 Quid
1198 738 1260 806 sibi
1278 737 1345 806 vel·

265 843 335 914 let?
349 847 420 916 Cur
446 847 481 912 in
510 869 585 914 suas
608 845 831 939 possessiones
852 842 1005 913 veniret?
1017 846 1228 913 Provinciam
1248 869 1350 914 suam

265 977 337 1020 esse
358 953 446 1020 hanc
457 950 481 974 ¹⁰
500 950 661 1039 Galliam,
675 952 763 1020 sicut
782 949 871 1018 illam
892 966 1051 1019 nostram.
1065 953 1116 1020 Ut
1131 952 1194 1046 ipsi
1205 951 1344 1020 concedi

264 1083 334 1127 non
357 1073 546 1153 oporteret,
565 1061 592 1127 si
614 1060 649 1126 in
674 1071 806 1126 nostros
831 1057 915 1126 fines
940 1060 1103 1152 impetum
1127 1057 1253 1126 faceret
1270 1083 1278 1126 ε
1295 1060 1344 1127 sic

148 1217 154 1227 .
264 1167 344 1234 item
362 1181 424 1236 nos
444 1189 514 1234 esse
536 1166 686 1258 iniquos,
701 1166 759 1258 qui
777 1166 812 1232 in
827 1189 889 1233 suo
902 1164 977 1257 jure
995 1189 1032 1233 se
1046 1164 1342 1260 interpellaremus.

265 1271 368 1360 Quod
389 1272 508 1341 fratres
531 1295 551 1339 a
579 1274 704 1340 Senatu
715 1270 737 1294 ¹¹
758 1270 883 1340 AEduos
905 1269 1089 1366 appellatos
1110 1271 1254 1359 diceret,
1273 1297 1344 1340 non

264 1403 299 1446 se
321 1393 390 1448 tam
411 1371 612 1466 barbarum,
630 1403 738 1472 neque
760 1392 829 1445 tam
851 1379 1043 1471 imperitum
1065 1403 1137 1449 esse
1158 1403 1291 1466 rerum,
1304 1392 1346 1446 ut

263 1509 332 1554 non
364 1485 483 1573 sciret,
505 1509 612 1580 neque
641 1485 728 1554 bello
757 1484 977 1579 Allobrogum
1006 1487 1160 1578 proximo
1174 1484 1197 1510 ¹²
1217 1484 1346 1554 AEduos

263 1594 424 1662 Romanis
453 1592 611 1661 auxilium
641 1591 774 1678 tulisse,
788 1615 896 1685 neque
917 1593 1006 1685 ipsos
1027 1592 1061 1658 in
1084 1591 1136 1660 his
1157 1593 1343 1661 contentio-

262 1700 382 1785 nibus,
397 1725 482 1794 quas·
504 1699 602 1767 AEdui
634 1723 747 1766 secum
778 1712 814 1765 et
842 1721 920 1765 cum
946 1698 1107 1790 Sequanis
1129 1697 1344 1786 habuissent,

263 1806 386 1874 auxilio
413 1803 529 1900 populi
563 1806 693 1871 romani
726 1827 805 1872 usos
832 1825 911 1871 esse.
934 1803 1068 1872 Debere
1096 1827 1133 1872 se
1160 1805 1344 1898 suspicari,

262 1912 416 1980 simulata
438 1915 604 1980 Caesarem
626 1911 790 1996 amicitia,
805 1909 896 2003 quod
911 1911 1094 1978 exercitum
1111 1912 1147 1978 in
1161 1908 1270 1979 Gallia
1286 1911 1344 1979 ha·
1377 1974 1379 1981 .
1478 1945 1482 1957 ·

262 2017 361 2105 beat,
390 2019 440 2085 sui
469 2015 679 2110 opprimendi
705 2038 807 2084 causa
833 2015 966 2084 habere.
993 2017 1063 2105 Qui
1092 2017 1155 2084 nisi
1182 2015 1389 2105 decedat&
1478 2019 1483 2031 ’

262 2137 362 2218 atque
380 2126 561 2192 exercitum
580 2122 724 2191 deducat
738 2147 779 2192 ex
795 2123 847 2191 his
861 2123 1064 2217 regionibus,
1079 2147 1150 2193 sese
1163 2122 1256 2191 illum
1270 2149 1341 2192 nou
1373 2174 1419 2210 s

262 2255 324 2324 pro
344 2234 472 2318 amico,
490 2229 548 2298 sed
568 2253 631 2324 pro
653 2230 750 2298 hoste
766 2229 979 2298 habiturum:
994 2229 1086 2324 quod
1105 2232 1133 2299 si
1149 2255 1227 2298 eum
1244 2231 1342 2300 inter·

262 2337 398 2426 fecerit,
416 2334 528 2406 multis
551 2361 622 2406 sese
643 2334 827 2424 nobilibus,
848 2336 1120 2430 principibusque
1145 2335 1262 2432 populi
1285 2362 1340 2405 ro·

261 2446 352 2513 mani
380 2458 512 2538 gratum
543 2466 613 2513 esse
644 2443 813 2512 facturum
831 2467 839 2510 τ
858 2442 893 2510 id
918 2467 953 2511 se
975 2444 1019 2512 ab
1042 2445 1120 2538 ipsis
1142 2468 1340 2537 percorum

261 2553 402 2620 nuncios
432 2566 643 2645 compertum
673 2534 845 2637 habere¹³,
861 2575 1005 2643 quorum
1026 2553 1176 2619 omnium
1198 2552 1338 2644 gratiam

262 2674 361 2752 atque
392 2661 573 2727 amicitiam
601 2658 671 2750 ejus
702 2672 810 2724 morte
838 2655 1001 2724 redimere
1029 2672 1150 2750 posset.
1183 2658 1285 2746 Quod
1311 2659 1339 2726 si

304 2827 412 2895 9.Fines
425 2847 550 2898 egressum.
565 2827 628 2878 Mes.
641 2827 777 2896 plerique,
822 2826 904 2897 igitur
910 2825 983 2898 quod
996 2823 1029 2878 ad
1044 2845 1122 2880 voces
1131 2847 1191 2888 ase,
1205 2839 1231 2878 et
1236 2829 1339 2895 fratres,

261 2905 350 2976 inquit
365 2905 559 2978 Oudendorp,
578 2906 677 2958 habent
686 2905 779 2975 finibus
822 2907 890 2959 nihil
902 2921 942 2960 est
957 2906 1033 2960 dubii
1046 2926 1077 2960 ex
1092 2905 1170 2960 codd.
1186 2905 1238 2960 Sed
1250 2911 1343 2958 omc'cos·

186 3015 191 3024 ·
261 3005 392 3055 egressum,
405 2987 450 3039 alii
456 2986 521 3056 fines
535 2991 674 3054 ingressum.
685 2986 779 3038 Malim
821 2988 945 3040 nonnulli
957 2985 1236 3053 habenuutoodlt.
1251 2988 1339 3057 5764,
1431 2995 1434 3001 '

254 3066 348 3136 finibus
358 3086 445 3136 egress.
460 3085 493 3119 ex
505 3078 597 3118 nostro
612 3064 672 3118 cod.
690 3067 777 3136 5763.
821 3067 1035 3138 forsaneglossa.
1051 3069 1175 3120 Attamen
1185 3085 1247 3120 cum
1260 3085 1339 3138 grec.

306 3163 347 3198 10.
357 3148 509 3198 Provinciam
519 3166 587 3198 suam
596 3167 644 3197 esse
652 3147 720 3209 banc,
731 3159 776 3198 etc.
822 3148 933 3220 interpr.
951 3147 1093 3220 legendum
1106 3146 1284 3200 crediderim:
1300 3148 1337 3199 ὅτι

261 3225 348 3288 Hanc,
365 3226 412 3278 ubi
432 3240 471 3280 est
488 3227 612 3279 Ariovist.
629 3227 712 3290 illam,
729 3228 778 3279 ubi
821 3225 851 3280 <li
866 3230 896 3281 ub
910 3229 954 3300 φὴς
966 3230 1022 3289 τοὺς
1033 3218 1132 3289 lideueic
1144 3223 1216 3289 (uon
1224 3223 1337 3292 diderint,

261 3319 302 3358 est
317 3307 413 3360 Caesar.
821 3320 853 3361 ut
865 3310 946 3362 habet
957 3306 1085 3373 Strabo),
1097 3309 1176 3378 φίλους
1189 3328 1217 3360 τι
1227 3305 1270 3360 καὶ
1279 3327 1340 3378 sup·

306 3405 350 3439 11.
374 3387 450 3456 Quod
460 3388 552 3454 fratres
572 3407 588 3438 a
603 3386 702 3440 Senatu.
710 3386 776 3440 Vid.
821 3390 916 3459 μάχους
929 3391 978 3441 ὑπὸ
994 3379 1114 3460 l’opaiov
1133 3389 1260 3458 γερουσίας
1276 3388 1339 3438 ἀνα-

261 3483 284 3519 c.
302 3465 348 3519 33.
361 3467 477 3538 Vulgata
487 3468 548 3521 leet.
567 3468 642 3537 Quod
657 3488 687 3519 ee
701 3467 729 3520 S.
745 3468 776 3520 C.
821 3475 975 3539 γορευθῆναι,
990 3469 1056 3542 quod
1067 3469 1128 3519 dicis
1137 3465 1236 3520 Aeduos
1249 3471 1339 3518 mices

262 3543 362 3598 AEduos
372 3549 598 3619 appellatosamicos
607 3547 704 3600 diceret.
715 3549 777 3600 Non
821 3562 846 3600 et
852 3544 961 3617 fratres(
965 3550 1047 3601 freres
1054 3545 1174 3611 d’mmm,
1180 3544 1340 3616 συμμάχους)

261 3627 330 3678 male
341 3641 428 3693 certe,
441 3626 488 3680 sed
503 3646 535 3680 ex
550 3626 682 3680 sexdecim
696 3626 776 3682 codd.
821 3642 929 3681 cunata
939 3630 1100 3680 Romanorum
1112 3627 1243 3697 appellatos
1248 3627 1336 3692 subse,

260 3707 315 3758 suis
329 3706 504 3779 Oudendorp.
515 3706 696 3778 reponendam
706 3706 778 3778 judi·
820 3720 865 3762 ete.
883 3707 982 3761 Videat
996 3707 1087 3758 lector,

261 3787 332 3839 cavit
341 3787 482 3840 lectionem
494 3799 628 3853 nostrnm3
644 3778 676 3840 1⁰
684 3789 712 3841 in
721 3805 778 3840 om·
858 3783 1337 3857 12.Bell.Allobr.proeimo.Sup.VI.

260 3867 342 3920 nibus
355 3867 410 3920 fere
423 3865 501 3921 codd.
516 3880 599 3920 exstat
611 3887 664 3921 vox
669 3870 775 3935 smtres,
860 3868 906 3921 13.
915 3865 949 3918 Id
957 3876 1162 3935 se.‚.compertum
1171 3865 1264 3918 buben.
1274 3865 1338 3918 Hac
1411 3906 1416 3925 ,

262 3945 428 4000 etinnostro
442 3947 625 4018 antiquissimo
635 3949 667 4002 R.
682 3948 775 4016 57633
820 3948 853 3998 ab
866 3946 999 3998 Ariovisto
1020 3944 1146 3997 insidiose
1167 3945 1196 3996 in
1217 3943 1338 3998 medium

263 4015 297 4080 2⁰
310 4027 399 4080 nullus
413 4026 472 4082 cod.
493 4028 573 4080 habet
587 4048 617 4079 ee
632 4028 659 4082 S.
678 4028 716 4088 C;
728 4025 776 4079 sed
819 4027 911 4091 allata,
935 4044 990 4078 non
1005 4025 1063 4079 sine
1080 4025 1214 4098 probabili
1233 4026 1337 4078 ratione

261 4123 354 4167 omnes
366 4107 410 4160 vel
418 4128 434 4158 a
442 4129 474 4160 se.
485 4127 547 4161 cum
556 4119 656 4181 puncto
669 4107 774 4178 legunt,
816 4104 1000 4178 judicaverim.
1011 4107 1079 4160 Nam
1095 4119 1122 4159 et
1135 4105 1232 4158 Caesari
1245 4107 1337 4158 Rome

257 4185 338 4239 uude·
356 4187 553 4260 conjiciendum
574 4209 590 4239 a
610 4199 694 4239 senatu
703 4209 713 4250 ,·
731 4188 775 4239 vel
817 4199 894 4240 erant
908 4187 1010 4240 inimici
1022 4185 1267 4256 ardentissimi,qni
1280 4187 1335 4256 jem

261 4267 406 4335 omittunt,
419 4280 450 4322 ut
464 4280 555 4322 noster
573 4270 606 4321 R.
630 4267 716 4339 ⁵763.
733 4268 775 4321 Ita
818 4267 846 4320 in
860 4268 1008 4340 perniciem
1020 4270 1077 4339 ejru
1091 4269 1303 4337 conjuraverunt.
