3000 5034
307 425 382 519 268
463 446 501 514 c.
530 444 671 511 sunu
699 442 934 511 CAESARIS
961 440 1236 533 couneus.

305 604 401 647 aures
410 601 514 645 unum
523 597 628 644 cornu
636 571 947 660 exsistit‚excelsius
957 573 1126 666 magisque
1136 572 1298 642 directum
1306 569 1375 659 his,

261 705 269 719 ·
305 710 378 779 quae
399 682 494 753 nobis
526 695 606 749 noto
619 694 726 765 sunt,
751 679 916 759 cornibus.
948 678 1000 747 Ab
1031 678 1102 771 ejus
1125 702 1273 765 summo,
1291 680 1376 747 sicut

283 785 285 790 ’
305 789 439 886 palmet,
459 788 658 879 ramiquom
677 783 757 854 late²
775 783 1017 854 diffunduntur.
1033 784 1160 855 Eadem
1175 800 1225 854 est
1246 785 1376 854 leminae

307 1010 453 1071 congruant
465 1016 526 1051 cum
540 995 649 1049 Gesseris
660 996 748 1049 verbis
759 1014 818 1067 ques
863 996 926 1049 Nou
939 993 1005 1050 adeo
1021 995 1089 1049 mihi
1101 995 1287 1049 cenavidetur
1295 1013 1375 1067 quam

309 1079 356 1131 hic
369 1080 510 1148 leguntur-3
526 1095 587 1148 nem
604 1074 713 1147 adjicit:
862 1074 914 1147 ipsi
925 1076 1097 1128 celeberrimo
1105 1076 1164 1129 viro
1173 1076 1317 1128 amborum
1324 1075 1376 1127 ani·

306 1148 391 1221 ὀξεῖαι
400 1157 490 1227 κεράων
501 1151 531 1209 di
542 1158 714 1225 πυριγλωχῖνις
725 1152 819 1209 ἀκωκαὶ
863 1155 973 1208 melium
1000 1152 1157 1208 similitudo.
1184 1156 1253 1207 Nam
1280 1164 1376 1227 pretet

307 1238 609 1307 Χαλκίοιςγναμπτοῖσιν
622 1235 740 1287 intinctos
752 1236 821 1306 ἀγκί-
864 1232 1109 1288 dissimilitudinem
1122 1253 1253 1288 cornuum
1258 1242 1320 1305 quer
1330 1234 1378 1285 mi·

387 1336 487 1386 ςροισιν.
757 1359 758 1375 ,
863 1313 937 1368 nime
950 1314 1232 1381 conveniunt,utsatis
1244 1332 1377 1386 superque

308 1395 388 1443 Acutae
401 1402 455 1440 sunt
467 1408 581 1440 cornuum
595 1402 619 1439 et
631 1392 728 1439 flamme
744 1392 821 1454 specie
864 1412 879 1445 a
893 1394 990 1446 Vossio
1004 1391 1215 1447 demonstratum
1222 1406 1271 1459 est,
1285 1388 1376 1465 (quam

355 1474 490 1523 ecunumtae
498 1473 618 1536 cuspides,
654 1482 657 1489 '
865 1470 1127 1541 dissimilitudinem,
1151 1475 1219 1526 male
1242 1474 1377 1551 occirltant

306 1554 394 1604 'AEneis
405 1565 430 1602 et
439 1555 531 1602 reflexis
542 1555 627 1601 similes
636 1555 717 1601 hamis
864 1552 908 1607 isti
928 1554 1009 1620 rami,
1024 1572 1091 1624 quos
1111 1554 1206 1621 Buffou
1220 1553 1248 1606 h.
1265 1554 1377 1621 tvocat

309 1636 433 1689 Proiecto
453 1654 509 1689 nou
530 1647 636 1708 poterat
656 1633 822 1688 commodius
864 1632 1377 1698 audouillersencvantmamhiramitres,

308 1716 457 1786 exprimere
464 1726 581 1767 mentem
591 1713 822 1786 Caesaris‚qunnd0
864 1712 907 1765 vel
918 1712 1007 1784 plures
1014 1732 1134 1775 numero,
1144 1714 1176 1765 ab
1187 1711 1282 1766 eodem
1291 1712 1377 1784 cupite

309 1795 414 1865 inquit,
434 1794 466 1845 ab
486 1797 537 1864 ejus
549 1812 623 1846 cornu
631 1812 740 1856 summo,
759 1798 823 1845 sieut
866 1791 1377 1863 surgentesseparatim,nullomodopm

306 1875 397 1946 palm
411 1878 474 1924 rami
491 1892 563 1945 ᾳιιωιι
576 1874 625 1923 lare
642 1874 821 1940 dsffimdcmmr.
866 1872 1264 1944 unooornuexcelsiore‚aeujus
1271 1890 1377 1937 summo,

305 1953 823 2024 ‘Nampalmoefoliasuntlceimtepseip
866 1950 1377 2023 etc.p0ssuntaccipi‚)extatetaliudar·

309 2034 381 2092 πτοῑς
398 2032 528 2103 nimieque.
546 2032 590 2084 Ob
601 2032 658 2084 hoc
671 2050 721 2103 ego
735 2044 822 2085 statuo
866 2044 1038 2101 gementum,
1049 2029 1121 2101 quod
1136 2032 1293 2102 interpretes
1299 2030 1375 2103 fugit.

310 2111 354 2166 vel
366 2109 471 2165 diversa
484 2111 629 2165 bisontium
643 2130 740 2183 genera
754 2124 824 2166 vete·
867 2110 968 2176 Cesar,
982 2112 1064 2184 paulo
1074 2129 1167 2182 supro,
1177 2130 1201 2163 c.
1215 2130 1247 2163 21
1259 2151 1265 2163 .
1275 2109 1312 2163 de
1319 2129 1376 2181 par·

310 2190 386 2243 ribus
405 2191 502 2256 misse,
518 2204 546 2245 et
568 2192 646 2243 aliem
669 2190 784 2262 speciem
809 2210 824 2245 e
868 2194 901 2243 vis
914 2192 1042 2243 rhenonum
1054 2186 1336 2261 tegimentis(despeauz
1349 2190 1377 2241 de

312 2270 429 2336 Coesere,
442 2271 520 2323 aliam
534 2289 550 2323 a
563 2271 650 2324 Plinio
660 2268 774 2325 describi
785 2284 824 2325 at·
867 2266 1099 2342 renneslexpresse,
1110 2283 1188 2342 atque
1196 2271 1237 2323 uti
1248 2268 1320 2323 dere
1329 2268 1377 2342 ipsi

312 2368 365 2421 que
381 2350 505 2422 Oppiano
518 2350 578 2404 :vel
593 2351 690 2405 enimel
708 2352 775 2419 hoc,
790 2350 825 2405 de
866 2350 929 2411 satis
943 2351 1117 2403 notnlocutus
1125 2362 1172 2403 est.
1187 2351 1287 2415 Porro,
1301 2351 1325 2403 si
1333 2368 1377 2402 no·

313 2448 368 2501 quo
383 2431 471 2484 Cesar
485 2431 530 2504 hic
553 2432 688 2503 loquitur,
703 2431 824 2503 incogni·
867 2448 929 2482 men
944 2430 1080 2483 Rhenonis
1098 2443 1164 2483 esset
1179 2430 1204 2483 ei
1224 2430 1377 2501 cognitum,

313 2522 372 2562 tum
385 2511 463 2564 nobis
473 2528 544 2564 esse:
554 2524 665 2565 autnon
672 2511 760 2564 vnum
770 2512 826 2567 Ce-
868 2528 931 2575 cur,
945 2528 1029 2581 quum
1039 2511 1117 2564 vellet
1129 2510 1156 2563 h.
1165 2511 1184 2563 l.
1193 2510 1323 2563 rhenonis
1334 2508 1377 2561 de·

312 2590 365 2642 sari
377 2590 524 2658 bisontem,
539 2609 624 2661 eoque
641 2591 729 2645 minus
748 2610 825 2645 occu·
868 2589 1039 2661 scriptionem
1047 2590 1307 2661 effingere‚hacusus
1315 2600 1377 2641 esset

312 2680 369 2723 rate
392 2668 563 2741 descriptum.
578 2673 612 2725 D.
627 2672 750 2724 Vossrus.
773 2673 825 2723 Re·
868 2670 1110 2734 circumlocutione,
1118 2682 1155 2720 est
1162 2670 1203 2721 bos
1212 2672 1274 2721 cervi
1276 2668 1378 2739 figura?

313 2749 444 2802 centiores
458 2762 561 2816 autem,
579 2750 650 2802 inter
662 2769 729 2822 quos
744 2751 826 2803 Beck·
869 2768 917 2802 cur
932 2750 1019 2802 statim
1032 2768 1087 2802 nou
1101 2748 1224 2802 distincte
1244 2747 1376 2802 dixisset:

312 2846 426 2881 mannus
441 2828 469 2880 in
482 2829 651 2899 Bueschingii
663 2843 825 2883 commenta·
868 2822 951 2881 Blaene
966 2840 1044 2879 autem
1061 2830 1150 2902 dequo
1167 2848 1240 2900 supra
1256 2829 1374 2888 dicium.

314 2908 362 2959 riis
376 2902 664 2978 russicisfflegiomont.
682 2906 789 2979 1765),
798 2922 825 2962 et
869 2920 905 2959 est
918 2908 959 2959 bos
973 2908 1141 2979 cervifigura,
1159 2921 1203 2960 eut
1224 2908 1319 2973 aliter,
1333 2904 1377 2961 sed
1453 2962 1456 2971 ,

279 3034 284 3044 ,
312 2986 824 3057 presertimceleberrimusBuffonfflist.
868 2988 897 3040 in
908 2986 1001 3040 eodem
1015 2988 1217 3041 sensu?Contra
1226 3001 1316 3040 autem
1327 3006 1375 3040 no·

313 3064 376 3117 Nat.
389 3077 409 3117 t.
421 3084 475 3130 111,
484 3064 547 3119 edit.
558 3066 589 3119 in
598 3056 629 3129 4⁰
641 3071 729 3137 1764,
738 3069 767 3119 in
776 3068 825 3121 hac
867 3067 909 3120 bis
922 3086 995 3121 suam
1008 3068 1104 3138 ingerit
1118 3066 1325 3140 descriptionem
1336 3084 1377 3119 re·

314 3141 655 3214 descriptione-menonem
664 3146 826 3201 hauddubie
868 3147 917 3199 luti
933 3146 1087 3200 animalium
1098 3159 1124 3200 et
1133 3147 1242 3200 nomine
1253 3159 1280 3199 et
1295 3148 1377 3217 ligure
1480 3194 1481 3197 ,

316 3237 467 3295 agnoscunt.
484 3226 524 3278 Its
538 3227 610 3279 enim
624 3227 730 3294 Bujfhn,
744 3228 764 3280 l.
781 3228 825 3280 cit.
869 3228 902 3279 ab
911 3227 1028 3298 aliisjsm
1037 3228 1108 3279 notis
1117 3224 1299 3292 dissimilium,
1308 3223 1376 3279 unde

315 3323 344 3375 p.
354 3304 401 3356 82.
410 3305 460 3355 Est
470 3305 511 3356 bos
521 3309 546 3356 in
554 3307 679 3376 Hercynia
687 3308 770 3377 sylva,
781 3319 825 3359 etc.
870 3306 966 3359 Vossio
977 3325 1086 3377 prorsus
1098 3306 1239 3371 assentior,
1247 3318 1274 3358 et
1284 3306 1377 3375 colligo

277 3454 280 3461 Ι
318 3382 466 3453 Cepmsage
479 3398 516 3436 ert
529 3404 595 3437 assez
608 3388 736 3456 precistle
757 3406 827 3437 renue
870 3385 1000 3438 Caesnrem
1022 3386 1064 3438 vel
1081 3386 1168 3457 reipsa
1188 3386 1303 3457 speciem
1324 3384 1377 3437 eni·
1480 3400 1482 3411 ⁴

317 3482 333 3512 a
345 3482 374 3514 en
384 3465 443 3531 effe!
452 3464 494 3517 des
505 3465 649 3525 andouillers
664 3486 693 3517 en
708 3478 794 3528 avant,
803 3478 830 3517 et
869 3466 944 3517 malis
958 3465 1087 3536 incogniti
1094 3503 1102 3530 ‚
1109 3478 1135 3517 et
1142 3465 1230 3535 aliquo
1240 3484 1302 3518 casu
1307 3480 1376 3516 nunc

316 3547 358 3613 qui
365 3548 505 3613 paruissent
512 3547 646 3613 fhmerun
658 3545 709 3597 bois
721 3548 828 3596 intermi-
869 3542 964 3608 deleti,
977 3543 1023 3597 sed
1036 3542 1070 3597 de
1083 3562 1178 3615 genere
1186 3562 1340 3609 cervorum,
1352 3554 1378 3595 et

316 3622 393 3674 dicire
408 3642 418 3676 .·
432 3641 477 3675 son
488 3624 539 3677 bois
550 3624 669 3677 estdioisl
675 3643 704 3676 en
710 3625 828 3694 plissieurs
870 3642 885 3677 e
896 3624 1017 3676 rhenone
1027 3622 1192 3695 discrepans,
1200 3622 1377 3695 descripsisse,

316 3701 444 3764 bmncles,
455 3708 575 3755 ammas
586 3704 676 3774 parde
689 3704 768 3773 larges
779 3724 828 3755 em·
871 3702 913 3757 vel
928 3721 1026 3757 errasse
1036 3702 1248 3775 indescriptione
1255 3701 1377 3766 Bisontis,

313 3800 458 3851 paumunm
473 3795 498 3834 et
508 3785 533 3834 la
542 3784 640 3851 somello
648 3796 720 3854 porte
730 3802 763 3835 un
778 3784 828 3836 bois
871 3780 1006 3854 quodnon
1012 3783 1111 3835 mirum
1122 3795 1161 3836 est
1167 3782 1201 3836 de
1213 3784 1341 3855 scriptore
1350 3798 1379 3832 ee

316 3864 436 3913 commele
449 3864 523 3933 mile,
534 3864 829 3936 aulieuquelesfemiller
871 3863 982 3915 fortasse
1005 3861 1098 3915 auditu
1121 3875 1225 3916 tantum
1249 3871 1377 3914 narrante.
1480 3864 1482 3911 l

317 3942 347 3993 dc
371 3943 459 4004 l'elau,
478 3943 511 3995 du
531 3945 595 4011 cers,
610 3943 644 3994 du
662 3944 728 3995 daim
750 3954 776 3994 et
796 3944 829 3995 du
872 3937 1378 4012 (Fert-etrewssiceboscervifiguraest·
1480 3960 1482 3979 ι

250 4022 255 4028 ’
318 4022 496 4075 chevreuiln'en
504 4034 604 4094 portent
608 4027 686 4094 point.
697 4023 772 4077 Armi
778 4024 829 4075 l'on
873 4023 998 4075 illemdme
1006 4043 1050 4096 que
1059 4023 1080 4073 le
1085 4023 1134 4075 bos
1139 4020 1243 4075 indicus
1254 4022 1284 4073 de
1296 4020 1378 4082 Plr'ne,
1480 4038 1482 4093 ζ

319 4118 349 4179 ne
358 4114 421 4171 peut
439 4108 524 4172 gretes
544 4104 629 4156 domo
651 4123 707 4177 que.
719 4104 848 4155 l'animcl.
872 4102 1041 4174 1.v111‚cap.
1059 4098 1101 4166 π).
1114 4100 1177 4155 vid.
1194 4102 1263 4154 infre
1281 4112 1335 4153 not
1353 4098 1378 4149 3.
1480 4098 1482 4127 l

319 4180 458 4254 qu'indqm
472 4186 505 4237 tce·
521 4182 597 4238 Cesar
612 4203 641 4237 ne
653 4188 701 4241 soit
713 4184 735 4237 le
749 4200 828 4237 renue.
917 4202 941 4237 2.
958 4184 1030 4240 Romi
1045 4202 1114 4255 quam
1126 4182 1181 4236 late.
1195 4178 1279 4236 codd.
1291 4179 1379 4249 Cujac.
1480 4252 1481 4255 Ἴ
