3000 5034
290 467 578 536 DEBELLO
607 465 871 536 GALLICO.
901 468 1001 537 LI'B.
1029 471 1056 536 Ι.
1160 476 1211 568 49

129 601 299 695 angustias
322 600 466 684 itineris,
488 612 522 666 et
544 598 808 692 magnitudinem
830 597 1005 687 silvarum,
1028 625 1101 695 quae
1116 603 1213 675 inter

129 708 288 778 cederent
310 707 398 782 inter
428 706 518 800 ipsos
540 721 639 800 atque
654 706 876 792 Ariovistum,
892 720 950 774 aut
971 732 1043 776 rem
1065 707 1212 780 frumen·

129 816 247 886 teriam
262 811 301 900 ¹¹,
313 827 351 880 ut
370 813 447 883 satis
466 811 642 886 commode
660 813 850 906 supportari
862 827 991 906 posset,
1003 813 1151 883 timere¹²
1163 817 1212 886 di·

130 921 259 996 cebant,
279 918 443 990 Nonnulli
460 921 561 991 etiam
572 921 697 991 Caesari
715 919 974 1007 renunciabant,
986 945 1090 1014 quum
1104 938 1214 996 eastra

130 1028 276 1113 moveri,
288 1049 328 1096 ao
348 1028 442 1118 signa
460 1025 540 1098 ferri
554 1026 721 1118 jussisset,
736 1051 805 1094 non
822 1026 895 1097 fore
906 1026 996 1095 dicto
1008 1027 1178 1100 audientes
1189 1017 1213 1056 ¹³

130 1132 269 1220 milites,
283 1157 347 1202 nec
367 1146 504 1226 propter
526 1134 680 1206 timorem
703 1133 798 1226 signa
818 1130 953 1202 laturos.

181 1242 256 1324 XL.
278 1242 361 1310 Haec
378 1264 482 1331 quum
505 1237 820 1309 animadvertisset¹
822 1256 1039 1327 ,convocato
1054 1243 1214 1335 concilio,

132 1347 349 1477 omniumque
373 1343 553 1440 ordinum²
577 1346 620 1416 ad
646 1345 680 1414 id
702 1293 880 1414 concilium
908 1347 1063 1418 adhibitis
1089 1352 1215 1420 Centu

131 1432 311 1539 rionibus³,
323 1425 540 1518 vehementtlr
556 1475 613 1518 eos
628 1451 814 1519 incusavit:
836 1481 854 1515 ιι
870 1423 1025 1522 Primum·
1025 1456 1140 1549 ,quod
1157 1473 1216 1530 aut

130 1583 230 1654 quam
250 1561 285 1626 in
304 1571 452 1651 partem,
471 1571 529 1624 aut
551 1581 619 1650 quo
643 1555 782 1626 consilio
805 1557 1026 1646 ducerentur,
1045 1563 1107 1630 sibi
1125 1589 1214 1656 quae

131 1665 273 1734 rendum
294 1679 352 1733 aut
377 1662 590 1757 cogitandum
615 1614 1111 1782 putarentl.Ariovisturi1,se
1134 1695 1214 1738 con

132 1772 199 1840 sule
207 1771 447 1864 ,cupidissime
464 1769 580 1864 populi
599 1771 728 1840 romani
750 1772 929 1856 amicitiam
948 1775 1135 1867 appetisse3
1154 1802 1216 1846 cur

131 1879 220 1954 hunc
243 1894 313 1947 tam
338 1892 463 1947 temere
488 1879 661 1970 quisquam
684 1877 726 1944 ab
749 1877 871 1975 officio
886 1877 1109 1950 discessurum
1125 1872 1215 1976 judi,

131 1984 249 2054 caret?
276 1984 346 2056 Sibi
368 1984 502 2078 quidem
523 1983 733 2078 persuaderi,
754 1986 896 2079 cognitis
916 1988 983 2055 suis
1007 1988 1183 2081 postulatis
1191 1977 1215 2078 ⁵,

174 2217 220 2252 11.
242 2199 303 2251 Rem
323 2199 519 2266 frumentariam.
539 2193 573 2250 Id
597 2209 649 2264 est,
694 2197 1215 2276 nibusprimipilitantumadooncilium

132 2278 204 2350 quod
216 2277 250 2332 ad
263 2298 321 2338 rem
332 2277 535 2330 frumentariam
547 2277 648 2330 attinet.
695 2275 899 2331 adhibebantur.

131 2359 254 2430 Elliptica
281 2359 381 2411 locutio
407 2369 454 2411 est.
481 2357 583 2410 Sltnilia
605 2356 651 2414 dat
737 2363 764 2422 4
782 2357 838 2410 Sin
850 2378 925 2430 quoer.
942 2371 987 2411 aut
1001 2363 1124 2431 cogitanti
1138 2375 1215 2432 puta·

132 2439 302 2506 Perizonius,
319 2437 354 2492 ad
369 2437 469 2492 Sanctii
483 2437 650 2503 Minervam,
695 2449 757 2491 rent.
774 2439 870 2491 ·:Bene
863 2457 1016 2510 mamque,
1032 2453 1064 2493 ut
1083 2443 1120 2494 ait
1139 2443 1215 2496 Otho

132 2536 168 2589 ιι,
186 2521 213 2574 5
694 2517 764 2588 Imp
773 2515 846 2590 apud
854 2518 917 2573 Tac
923 2519 992 2577 Hist.
1001 2521 1088 2586 1‚:84
1099 2523 1214 2578 Parendo

173 2619 219 2654 ιι.
231 2599 269 2656 Ut
276 2603 336 2650 satis
347 2597 495 2652 commode...
505 2601 593 2651 timere.
606 2599 650 2650 Τι’-
691 2600 781 2668 potius,
793 2598 969 2660 commilitones,
981 2619 1052 2670 quam
1061 2605 1159 2671 imperia
1170 2602 1215 2654 du-

132 2699 190 2732 nem
201 2681 230 2732 in
239 2679 434 2752 compositione
444 2697 506 2731 cum
515 2681 648 2750 conjunct.
694 2697 747 2728 cam
757 2677 914 2741 sciscitando,
926 2681 1083 2732 resmilitares
1090 2686 1213 2734 conniten-

132 2773 173 2826 ut,
188 2779 240 2832 pro
257 2771 359 2822 utnon,
374 2759 470 2818 velue.
486 2759 527 2810 Ita
546 2759 602 2812 Cic.
617 2756 650 2811 ad
696 2770 742 2810 tur.
759 2758 796 2810 Et
809 2775 891 2810 mox:
907 2759 1066 2813 Vobisarma
1081 2774 1107 2812 et
1120 2767 1214 2816 animm

131 2841 299 2906 Terentiam,
312 2858 375 2904 xlv,
389 2859 402 2892 ι
416 2857 422 2890 :
442 2835 525 2892 Timeo
540 2850 566 2890 ut
577 2842 650 2891 susti-
694 2843 747 2890 sit:
762 2839 822 2890 milti
831 2840 963 2903 comilium,
976 2853 1002 2894 et
1013 2846 1111 2895 vntum
1125 2855 1213 2897 oestroe

132 2941 204 2983 neas;
218 2919 248 2973 id
261 2932 316 2986 est,
330 2937 365 2971 ne
379 2937 434 2971 non
448 2919 584 2972 sustineas.
695 2922 801 2988 regimen
817 2920 949 2991 relmquite.

174 3003 219 3055 13.
242 2999 302 3054 Non
309 3002 367 3068 sore
379 2999 444 3050 dicto
456 2999 586 3050 audientes.
598 2997 650 3050 Dio
737 2997 763 3050 5.
787 2999 898 3068 Cognitis
905 3001 1116 3070 postulatis.Vid.
1128 3023 1151 3056 c.
1164 3004 1211 3059 35.

132 3081 223 3136 scribit
245 3081 275 3132 in
304 3080 399 3151 vulgus
422 3080 475 3132 hoo
503 3097 650 3150 emanasse,
694 3077 828 3132 caurum
839 3078 912 3149 quod
924 3079 980 3132 dixi
990 3082 1018 3134 h.
1030 3082 1090 3134 loco
1104 3081 1139 3136 de
1149 3103 1212 3156 pos·

132 3160 204 3234 quod
213 3160 316 3214 bellum
325 3159 575 3231 injustum,injussu
585 3177 649 3230 pop.
695 3158 785 3211 tulatis
805 3159 915 3211 Caesaris
934 3179 990 3211 non
1011 3175 1131 3232 repetam
1153 3182 1160 3217 ι
1182 3162 1212 3217 id

131 3261 198 3296 rom.
210 3253 237 3294 et
245 3253 358 3312 propter
366 3239 553 3306 ambitionem,
568 3239 650 3292 susci·
694 3249 799 3293 tantum
816 3238 922 3292 addam.
934 3241 1006 3292 Vere
1018 3242 1085 3294 mihi
1105 3243 1212 3297 videtur

131 3333 213 3396 peret.
230 3321 304 3379 Gon.
695 3318 761 3384 Dio,
773 3337 896 3384 xxxvm,
909 3320 956 3384 34,
967 3318 1108 3374 tradidisse
1125 3325 1210 3376 Caesa·

170 3403 237 3456 Car.
256 3403 313 3454 XL.
335 3419 359 3452 1.
376 3400 440 3451 Hoee
456 3419 526 3472 quum
543 3398 651 3449 animad·
693 3416 751 3450 rem
770 3398 827 3449 hacc
848 3399 881 3449 ab
901 3399 1035 3452 Ariovisto
1050 3402 1210 3471 postulasse:

135 3488 246 3534 vertisset.
254 3483 318 3534 Post
328 3481 385 3533 haec
396 3481 478 3533 verba
487 3476 548 3531 edd.
558 3479 651 3550 priscae
695 3479 749 3544 Οὐχ
761 3477 798 3530 ὅτι
812 3481 854 3531 καὶ
869 3478 1034 3540 καταπλήξειν
1051 3482 1139 3538 αὐτὸν,
1158 3484 1211 3537 ἀλλ’

133 3563 231 3618 babent
249 3562 336 3615 Coesar
350 3580 360 3613 .·
375 3557 447 3632 quod
462 3561 574 3613 verbum
594 3557 650 3610 Ou·
694 3555 732 3608 ὅτι
752 3557 881 3628 ἐξοργιεῖν,
903 3559 952 3608 κάκ
975 3559 1063 3614 τούτου
1089 3563 1209 3631 πρόφασιν

135 3641 264 3714 dendorp.
275 3661 307 3694 ex
318 3638 372 3694 fide
382 3639 460 3694 codd.
473 3639 545 3694 velut
556 3639 650 3694 inutile
693 3638 802 3708 πολέμου
829 3637 871 3691 καὶ
897 3638 1006 3709 μεγάλην
1033 3637 1074 3692 nal
1099 3640 1212 3712 εὐπρεπῆ

134 3721 276 3776 delendum
292 3733 390 3776 censet.
692 3716 829 3789 λήψεσθιιι,
852 3719 965 3774 ἤλπισεν.
982 3717 1062 3772 Haud
1083 3739 1146 3773 sane
1162 3741 1210 3774 ue·

175 3823 199 3856 ι.
225 3802 342 3856 Omnium
368 3799 487 3852 ordinum.
515 3787 650 3869 Significat
694 3793 830 3868 gendum,
847 3797 976 3850 Caesarem
994 3799 1023 3850 iu
1040 3800 1113 3855 hisce
1135 3820 1209 3854 com·

136 3888 236 3936 omnium
241 3881 372 3953 gradum.
380 3880 485 3932 Diversi
493 3879 565 3932 enim
576 3890 651 3930 erant
694 3877 830 3929 mentariis
840 3876 982 3947 aliquando
992 3879 1066 3932 fictas
1077 3881 1210 3937 bellorum

136 3961 228 4034 gradus
239 3964 311 4014 inter
324 3961 500 4014 centuriones.
507 3958 572 4012 vid.
581 3959 649 4012 Just.
694 3975 784 4009 causas
794 3955 958 4023 obtendisse,
968 3977 1051 4030 quum
1060 3979 1150 4013 veram
1157 3960 1209 4016 dis·

136 4043 204 4114 Lips.
214 4041 249 4095 de
260 4041 340 4096 milit.
348 4060 416 4092 rom.
426 4040 446 4092 l.
455 4057 493 4104 11,
506 4059 528 4092 c.
541 4041 568 4092 8.
580 4039 648 4091 Dav.
693 4037 831 4089 simulant.
845 4035 909 4089 Vid.
920 4037 966 4089 lib.
983 4055 1011 4093 tv
1027 4037 1060 4091 de
1076 4041 1137 4094 hell.
1147 4042 1208 4112 gall,

177 4125 200 4176 3.
215 4122 344 4177 Adhibita
362 4119 551 4173 Centurionibus.
566 4119 652 4172 Inusi-
694 4135 717 4170 c.
729 4135 765 4182 11,
779 4117 826 4168 nbi
841 4115 998 4169 invadendae
1012 4119 1156 4178 Britanniae
1165 4141 1212 4176 ra·

138 4211 188 4256 tato
202 4223 286 4261 more.
297 4200 389 4272 Vulgo
404 4199 476 4254 enim
490 4218 505 4253 e
520 4199 652 4254 centurio-
694 4195 810 4252 rationes
824 4209 923 4276 narrat.
940 4198 1007 4253 Dav.

183 4333 377 4398 ,Ι
998 4273 1145 4408 i'
