3000 5034
268 475 540 547 DE'BELLO
567 479 815 551 GALLICO.
844 482 939 551 LIB.
967 484 1018 551 ΙΙ.
1132 486 1182 581 93

108 626 232 681 tantam
254 611 415 707 virurtem
438 611 679 705 praestiterunt,
695 627 753 700 ut',
768 637 872 707 quum
887 616 986 709 primi
999 634 1123 685 eorum
1134 643 1184 687 ce·

109 716 277 805 cidissent,
297 718 441 812 proximi
458 716 645 810 jacentibus
663 719 872 809 insisterent,
891 735 990 816 atque
1007 748 1049 791 ex
1066 743 1188 793 eorum·-

108 824 304 918 corporibus
323 839 533 918 pugnarent3
546 824 598 893 his
616 824 750 917 dejectis
771 841 805 895 et
826 818 1029 898 coacervatis
1049 828 1185 899 cadave-

109 930 213 1018 ribus,
234 931 294 1025 qui
322 945 551 1025 superessent,
573 946 612 999 ut
641 956 683 1000 ex
709 931 840 1001 tumulo
854 918 878 1022 ³,
896 933 962 1003 tela
986 936 1021 1003 in
1051 948 1184 1006 nostros

79 1091 83 1099 ,
109 1038 313 1130 conjicerent
326 1051 359 1104 et
381 1035 446 1132 pila
465 1038 648 1132 intercepta
667 1040 894 1108 remitterent:
914 1055 1035 1109 utnon
1051 1043 1185 1137 nequid·

108 1167 203 1237 quam
225 1158 330 1212 tantae
345 1144 476 1212 virtutis
497 1143 649 1213 homines
667 1143 810 1237 judicari
825 1134 984 1215 deberet⁴
1002 1172 1100 1218 ausos
1112 1174 1184 1218 esse

108 1250 260 1319 transire.
277 1248 484 1319 latissimum
501 1249 648 1339 flumen,
669 1250 848 1321 ascendere
874 1252 1048 1323 altissimas
1076 1256 1187 1350 ripas,

109 1356 215 1424 subire
243 1358 486 1451 iniquissimum
513 1355 648 1427 locum:
666 1382 740 1452 quae
770 1344 899 1429 facilia⁵
917 1384 959 1429 ex
983 1360 1184 1431 difficillimis

109 1464 205 1531 animi
224 1463 423 1557 magnitudo
441 1461 623 1557 redegerat.
1190 1458 1194 1463 ⁷

155 1571 323 1639 XXVIII.
340 1574 414 1639 Hoc
430 1568 543 1665 praelip
559 1570 663 1658 facto,
680 1584 714 1638 et
724 1595 831 1666 prope
848 1571 892 1640 ad
901 1572 1184 1643 internecionem¹

109 1691 201 1768 gente
221 1701 263 1745 ac
283 1678 418 1746 nomine
433 1678 640 1747 :Nerviomm
661 1677 816 1766 redacto,
834 1679 977 1771 majores
995 1694 1193 1774 natu,quos

109 1806 170 1851 una
198 1808 280 1853 eum
307 1785 419 1878 pueris
444 1782 702 1878 mulieribusque
730 1786 765 1853 in
791 1783 960 1854 aestuaria²
980 1810 1019 1854 ac
1047 1785 1185 1880 paludes

109 1888 264 1959 collectos
290 1890 496 1978 dixeram-us,
514 1890 578 1960 hae
600 1916 713 1986 pugna
734 1893 910 1980 nunciata,
929 1917 1033 1986 quum
1056 1894 1185 1962 victori-

109 1994 165 2065 bus
185 1994 280 2065 nihil
307 1996 524 2092 impeditum,
549 1999 644 2066 victis
669 1995 750 2067 nihil
782 2013 893 2067 tutum
923 1999 1187 2088 arbitrarentur,

110 2104 276 2192 omnium,
295 2105 352 2197 qui
369 2089 608 2199 supererant³,
624 2117 789 2173 consensu
811 2103 936 2200 legatos
956 2105 1185 2175 adCaesarem

109 2211 284 2299 miserunt,
301 2234 401 2305 seque
422 2211 453 2278 ei
467 2210 682 2298 dediderunt;
693 2225 726 2279 et
740 2212 775 2278 in
790 2212 1084 2281 commemoranda
1105 2215 1184 2282 civi-

110 2318 180 2385 tatis
199 2314 388 2411 calamitate
406 2342 448 2386 ex
455 2319 520 2386 DC
529 2316 572 2385 ad
585 2318 638 2384 III
648 2330 817 2387 senatores
826 2304 850 2405 ⁴,
862 2342 903 2385 ex
919 2319 1094 2387 bominum
1111 2318 1187 2389 mil·

110 2419 191 2492 libus
209 2425 275 2493 LX
289 2416 345 2491 uix
363 2423 406 2491 ad
419 2426 471 2512 D,
483 2425 541 2517 qui
561 2448 654 2491 arma
675 2423 762 2492 ferre
780 2438 931 2518 possent,
943 2449 1014 2493 sese
1033 2423 1185 2494 redactos

111 2554 176 2599 esse
195 2529 370 2599 dixerunt.
401 2532 497 2621 Quos
520 2532 649 2620 Caesar,
667 2545 705 2599 ut
732 2532 767 2597 in
792 2531 931 2599 miseros
959 2554 998 2599 ac
1021 2530 1190 2625 supplices

111 2724 143 2777 tri
153 2724 294 2779 dicerent:
311 2724 347 2777 lu
364 2727 461 2777 avaient
480 2740 562 2775 encore
582 2742 627 2775 une
711 2721 777 2777 Cur.
791 2721 922 2777 XXVIII.
942 2739 967 2774 ι.
986 2721 1033 2774 Aa
1046 2724 1191 2781 inomao,

112 2823 237 2867 ressource,
249 2808 311 2857 nouis
325 2805 410 2856 c'e'tait
421 2804 446 2855 la
459 2792 585 2856 cleririere.¹
671 2822 732 2855 nem.
742 2802 877 2855 Plutarch.
888 2803 918 2854 in
929 2801 995 2857 Coes.
1013 2821 1062 2867 ιο,
1071 2821 1126 2855 non
1135 2803 1187 2855 nisi

150 2886 174 2939 3.
202 2885 237 2937 Ut
257 2905 291 2935 eo
314 2884 413 2936 tumulo.
434 2884 574 2955 Tanquam
595 2902 627 2936 ex
671 2883 830 2955 quingentos
841 2882 953 2936 erasisse
964 2882 1054 2935 refert.

113 2964 223 3030 tumulo,
229 2967 262 3025 ὡς
271 2964 321 3016 ἀπὸ
328 2965 392 3024 τινὸς
399 2965 513 3035 γηλόφου,
520 2974 628 3017 utrecte
714 2982 739 3015 s.
753 2963 894 3017 AEsmatia.
909 2961 978 3014 Sunt
986 2957 1109 3033 depressa
1116 2963 1188 3029 loca,

112 3062 183 3115 graec.
200 3045 315 3115 interpr.
332 3043 376 3096 Sic
390 3044 472 3115 igitur
486 3044 627 3114 interpun·
671 3042 699 3094 in
715 3042 812 3113 quibus
826 3039 925 3095 residet
943 3059 1011 3112 aqua
1025 3060 1084 3112 quae
1103 3061 1187 3095 exun-

113 3124 246 3193 gendum:
262 3124 304 3176 U,
323 3144 354 3175 ex
375 3123 479 3185 tumulo,
502 3123 568 3184 telas
581 3135 625 3175 etc.
672 3119 810 3185 davit;vel
824 3122 915 3193 potius
926 3126 1064 3173 aestuarium
1076 3120 1187 3187 dicitur,

114 3204 390 3276 minimapostvocem
399 3201 628 3275 penultimamad-
671 3220 756 3274 quum
777 3220 832 3254 sese
851 3201 973 3254 Oceanus
996 3200 1137 3255 effundens
1158 3204 1188 3255 in

113 3282 386 3337 bibitadistinctione.
565 3302 567 3307 ·
671 3282 739 3334 ostia
754 3280 891 3346 fluminis,
915 3282 1004 3333 lacum
1022 3282 1121 3347 efficit,
1140 3283 1188 3353 qui

151 3371 176 3427 4.
199 3364 313 3416 Iudicari
334 3362 434 3415 deberet.
458 3362 576 3415 Sensus:
598 3372 629 3413 ut
671 3358 780 3415 eosdem
792 3378 854 3412 cum
867 3360 975 3413 Oceano
984 3362 1086 3431 patitur
1095 3374 1188 3426 aestus,

113 3442 223 3515 judicari
256 3441 366 3497 deberet
396 3442 518 3495 homines
548 3453 628 3493 tantur
672 3438 701 3493 id
716 3452 755 3493 est
769 3439 915 3492 fluxum‘et
928 3438 1069 3493 refluxum.

115 3524 297 3590 virtutis,non
312 3523 423 3588 frustra,
435 3541 485 3575 uec
495 3522 551 3575 sine
565 3539 627 3574 cau·
715 3522 741 3574 3.
763 3520 840 3591 Super
857 3531 934 3571 erant.
955 3519 1010 3571 Alii
1029 3531 1196 3590 superarunt,'

115 3622 286 3666 munerasse,
298 3616 347 3655 etc.
357 3603 462 3673 Legunt
471 3599 550 3655 codd.
563 3620 628 3673 pro·
672 3598 774 3665 idest,
796 3599 949 3671 superstites
972 3611 1054 3651 erant.
1075 3600 1189 3654 Locutio
1252 3641 1255 3654 .

115 3700 147 3754 pe
155 3703 262 3747 omnes,
275 3683 385 3735 deberent
401 3702 471 3735 ausos
479 3702 536 3735 esse.
547 3680 629 3748 Quod
672 3681 733 3734 satis
745 3693 817 3734 nota.

116 3761 259 3816 Hotmanus
269 3762 372 3815 dictum
388 3764 499 3834 putabat
517 3781 565 3834 per
584 3760 629 3814 ad·
714 3765 740 3825 4.
757 3762 802 3812 Ex
814 3758 873 3812 DC.
889 3760 925 3810 ad
935 3760 980 3812 III
987 3768 1115 3811 senatores.
1127 3760 1187 3814 Cel-

115 3842 630 3915 mitationem5utap.Cic.proSextoRo-
671 3840 753 3893 larius
772 3860 803 3893 ex
825 3840 959 3893 Plutarch.
981 3840 1100 3911 reposuit
1122 3839 1189 3905 CD,

115 3922 182 3988 scio,
194 3942 251 3996 cap.
269 3924 315 3975 ²3.
333 3922 450 3974 Faernus
465 3922 629 3993 conjectabat
672 3920 839 3975 sexcenarius
854 3920 925 3972 enim
936 3938 1068 3973 ¹numerus
1090 3920 1193 3973 nimius

116 4005 169 4053 ausi
182 4003 247 4074 quod
258 4014 344 4055 essent.
361 4002 395 4055 G.
412 4002 543 4056 Canterus
558 4002 634 4055 Nov.¹
672 4002 724 4073 ipsi
738 3999 887 4053 videbatur.
904 3999 1033 4055 Frustra:
1049 4017 1112 4050 nam
1133 4019 1189 4052 non

116 4080 186 4135 Leet.
203 4103 236 4147 a,
252 4079 329 4135 dedit
342 4080 416 4153 quod
436 4099 508 4134 nunc
522 4082 627 4152 legitur.
672 4079 755 4133 modo
770 4077 849 4132 codd.
860 4079 984 4144 cesaris,
993 4076 1040 4131 sed
1050 4090 1077 4130 et
1089 4096 1189 4150 grecus

159 4161 183 4214 5.
198 4164 268 4231 ‘Quoe
287 4162 385 4229 facilia.
406 4162 472 4227 Quae
499 4159 628 4215 fortitudo
672 4162 803 4233 interpres
812 4172 839 4212 et
848 4159 902 4212 Jul.
916 4160 984 4213 Cels.
995 4172 1022 4211 et
1030 4158 1190 4228 epitomator

115 4238 265 4297 reddiderat
279 4241 367 4295 lucilia
382 4260 414 4296 ex
429 4240 600 4295 difficillimis.
627 4264 630 4269 ²
673 4238 1199 4306 Livii,l.104,numerumDC⁸ervant.·

727 4567 818 4675 ld
