3000 5034
105 493 1196 526 mmmmmmmmmusm

434 584 811 826 'nonu

113 1018 117 1023 ,
178 963 244 1034 ru
277 961 623 1033 urrsroutn
655 963 1123 1035 uuurcnronlnn.

349 1214 968 1256 *w—

146 1479 176 1519 ι.
185 1457 243 1518 Nil
249 1459 308 1516 sibi
316 1460 511 1530 vincendum,
519 1473 570 1518 etc.
580 1463 650 1518 Post
657 1457 773 1516 bellum
781 1459 929 1518 Gallicum
936 1460 1041 1520 decem
1050 1481 1198 1522 annorum

107 1557 204 1634 spatio
216 1557 407 1629 confectum,
419 1561 446 1614 J.
460 1557 556 1614 Caesar
568 1555 606 1614 ad
620 1555 805 1632 Reipublicae
820 1567 930 1614 statum
941 1560 1030 1617 armis
1043 1560 1201 1618 immutans

110 1653 186 1712 dum
204 1653 297 1730 ¹coepit
314 1671 347 1711 se
365 1653 536 1732 accingere,
544 1653 629 1727 felix
642 1654 706 1723 uir,
720 1652 836 1732 judicio
852 1653 926 1711 Julii
940 1654 1036 1727 Celsi,
1050 1659 1078 1712 si
1087 1659 1200 1730 patria

113 1749 211 1807 hostes
233 1764 373 1822 tantum,
390 1769 449 1806 non
469 1763 501 1805 et
513 1751 648 1824 patriam
669 1751 812 1808 vicisset!
827 1749 904 1809 Vide
925 1749 1001 1810 hanc
1017 1751 1199 1824 editionem,

118 1846 177 1905 rol.
196 1849 258 1919 111,
276 1867 344 1924 pag.
361 1846 437 1918 24⁵,
453 1845 491 1903 de
504 1845 564 1903 vita
579 1851 606 1905 J.
621 1847 751 1905 Caesaris.

16 2047 17 2054 ἵ
152 1999 184 2038 a.
203 1981 341 2038 Civilibus
350 1981 452 2036 armis.
465 1978 597 2038 Primum
608 1978 665 2037 hoc
678 1978 821 2038 volumen
831 1981 1059 2040 commentarios
1070 1979 1200 2040 debello

114 2077 230 2136 Gallico
250 2089 384 2150 tantum,
399 2075 513 2134 nonde
530 2075 618 2136 Civili
633 2076 776 2136 continet.

155 2208 185 2269 3.
203 2203 340 2266 Venusto.
352 2210 413 2268 Cic.
424 2210 456 2267 in
465 2213 569 2278 Bruto,
579 2229 606 2266 c.
619 2209 687 2265 262.
702 2211 963 2269 «Commentarios
977 2211 1096 2289 scripsit
1104 2214 1201 2270 Caesar

115 2307 202 2368 valde
216 2306 406 2387 probaud0s3
425 2307 500 2365 nudi
516 2307 596 2364 enim
609 2319 680 2364 sunt
695 2317 725 2364 et
737 2308 865 2364 venusti.
878 2333 891 2359 »

158 2451 187 2512 t.
206 2443 296 2498 Victis
301 2441 420 2515 satalia
422 2480 507 2497 .....
518 2441 603 2496 Vocis
610 2441 754 2514 superba.
767 2441 827 2498 Tit.
839 2440 903 2497 Liv.
914 2439 936 2496 l.
950 2445 989 2513 V,
999 2461 1026 2498 c.
1038 2440 1200 2509 termille·

115 2539 220 2618 pondo
234 2539 299 2596 anri
312 2538 444 2616 pretium
456 2537 564 2614 populi
578 2537 718 2614 gentibus
734 2554 804 2594 mox
817 2537 993 2614 imperaturi
1016 2537 1127 2595 facturn
1137 2582 1144 2594 .
1155 2583 1161 2595 .
1172 2583 1198 2596 ..

115 2635 234 2696 additus
246 2635 283 2694 ab
298 2634 447 2692 insolente
463 2639 585 2710 Brenno
607 2631 736 2710 ponderi
750 2632 868 2713 gladius
886 2655 893 2690 :
910 2633 1071 2713 auditaque
1087 2634 1199 2693 intole-

16 2757 17 2772 1
116 2732 210 2792 randa
222 2733 364 2792 Romanis
377 2750 452 2803 vox,
470 2751 520 2790 voe
531 2732 617 2788 victis
633 2750 704 2788 esse.
719 2756 732 2782 s

159 2863 186 2923 ὅ.
198 2857 305 2922 Solem.
320 2870 337 2923 J
342 2907 348 2920 .
362 2864 482 2923 Caesaris
498 2862 591 2921 libros
609 2862 647 2920 de
671 2862 805 2921 siderum
824 2875 910 2922 motu
931 2867 1113 2942 compositos
1130 2866 1200 2925 lan-

119 2962 169 3020 dat
183 2961 314 3033 Plinius,
330 2961 384 3019 lib.
401 2963 524 3033 XXIII,
539 2979 604 3038 cap.
624 2960 671 3018 25.
690 2962 794 3018 Cacsar
804 2964 945 3020 Dictator
956 2978 1052 3020 annos
1067 2967 1113 3020 ad
1128 2969 1199 3023 εὀἰὶε

16 3063 17 3080 ’
119 3073 233 3118 cursam
251 3063 362 3135 redegit
375 3061 503 3134 singulos
509 3081 522 3128 ‚-
535 3071 591 3118 etc.
604 3063 674 3117 Haec
690 3059 859 3138 angustiore
873 3080 1010 3118 sermone
1023 3061 1111 3120 Plinii
1131 3083 1201 3121 con·

120 3169 224 3230 tracta,
235 3155 330 3215 fusius
344 3156 470 3234 explicat
486 3156 656 3214 Macrobius
671 3149 724 3214 lib.
745 3177 771 3214 a.
787 3156 935 3217 Saturnal-
950 3169 1014 3216 toto
1027 3160 1124 3237 capite
1144 3169 1197 3230 14:

122 3257 154 3314 C.
166 3257 195 3313 J.
213 3257 439 3312 Coesaromnem
452 3255 529 3311 lianc
541 3256 769 3312 inconstantiam
782 3268 959 3330 temporum,
976 3276 1085 3331 vagam
1098 3260 1199 3315 adhuc

16 3383 17 3392 ¹
119 3371 147 3414 et
157 3361 313 3429 incertam,
324 3357 356 3412 in
369 3356 501 3411 ordinem
513 3369 598 3412 statae
608 3357 789 3429 definitionis
800 3359 910 3432 coegit3
923 3371 978 3412 etc.
991 3357 1100 3414 Iisdem
1110 3377 1197 3434 paene

120 3453 216 3511 verbis
230 3472 295 3510 rem
306 3461 407 3508 narrat
423 3437 558 3523 Solinus,
575 3469 640 3528 cap.
657 3471 690 3520 1,
711 3469 779 3528 pag.
795 3451 845 3506 85.
861 3450 939 3508 Vide
954 3452 1126 3526 Petavium,
1142 3453 1195 3512 lib.

120 3554 174 3625 tv,
187 3550 225 3608 de
239 3547 375 3608 doctrina
390 3553 495 3626 Temp.
509 3567 573 3626 cap.
591 3550 625 3621 3,
641 3557 708 3627 pag'.
726 3548 794 3624 319.
810 3545 1020 3606 Suetonius’iu
1035 3551 1095 3608 vita
1107 3551 1198 3610 Caia—

120 3647 169 3721 ris,
178 3667 244 3726 cap.
258 3655 297 3715 lo
312 3649 438 3703 :Fastos
451 3649 591 3716 correxit,
597 3647 780 3721 Jnmpn'dem
788 3647 863 3704 ‘ui'tio
873 3645 1047 3717 Pontificum
1055 3651 1133 3707 adeo
1141 3662 1198 3708 τισι

121 3747 212 3818 batos,
228 3757 284 3803 etc.
302 3746 398 3801 Caesar
412 3743 494 3820 ipse,
515 3742 595 3821 apud
610 3747 781 3816 Lucanum,
798 3743 927 3802 Pharsal.
943 3744 996 3804 lib.
1010 3750 1058 3819 X,
1073 3759 1102 3804 v.
1123 3746 1195 3818 185,

120 3844 156 3904 sic
170 3844 209 3904 de
225 3862 257 3904 se
272 3840 410 3919 loquitur
427 3860 434 3897 :
720 3851 724 3856 “
1213 3832 1215 3835 ’

265 3996 496 4014 ...........
517 3966 599 4014 media
617 3966 777 4033 interprnlie
790 3984 889 4033 semper

254 4053 391 4103 Stellarum
403 4053 507 4119 colique
515 4056 609 4120 plagis,
622 4059 771 4122 superisque
780 4058 880 4119 ’κοπὶς

254 4143 312 4194 Nec
322 4157 395 4192 meus
403 4137 506 4194 Eudoxi
515 4144 631 4194 vincetur
642 4145 747 4195 fastibus
756 4162 845 4195 annus.
