3000 5034
251 532 322 601 nu
356 530 524 599 annno
559 531 807 601 Gannico.
837 520 931 601 nin'.
960 538 1026 604 ru.
1118 534 1193 627 165,

121 684 256 756 pugnae,
276 678 429 758 tempore
456 664 737 758 opportunissimo
767 666 879 735 Caesar
905 665 1062 736 auxilium
1089 666 1189 736 tulit:

18 836 19 857 ζ
122 791 259 863 namque
282 771 354 863 ejus
382 770 529 839 adventu
555 770 667 840 hostes
692 774 935 860 constiterunt,
953 776 1058 842 nostri
1088 798 1123 842 se
1149 798 1192 843 ex

18 868 44 897 ⁸
122 874 233 944 timore
261 892 469 972 receperunt.
498 877 576 965 Quo
606 876 718 967 facto,
737 878 781 947 ad
813 877 1065 949 lacessendum²
1089 894 1123 948 et
1149 879 1200 949 ad'

122 984 391 1055 committendum
412 982 563 1078 praelium
585 982 729 1055 alienum
750 1009 823 1054 esse
844 1000 977 1081 tempus
998 987 1193 1074 arbitratus,

123 1112 175 1157 suo
204 1114 240 1158 se
270 1088 345 1159 loco
373 1092 552 1179 continuit,
574 1105 607 1158 et
634 1091 728 1159 brevi
751 1106 902 1187 tempore
929 1095 1137 1179 intermisso,
1158 1094 1194 1164 itt

122 1210 222 1265 castra
245 1195 393 1291 legiones
413 1196 552 1266 reduxit.
574 1200 667 1267 Dum
689 1198 761 1267 baec
784 1214 963 1292 geruntur,
977 1201 1099 1269 nostris
1120 1224 1205 1269 oms

122 1302 211 1373 nibus
234 1305 425 1398 occupatis,
437 1305 494 1397 qui
515 1302 611 1373 erant
632 1307 667 1373 in
693 1306 781 1398 agris
802 1290 950 1400 reliqui³,
962 1303 1193 1375 discesserunt.

123 1410 245 1479 Secutae
269 1426 347 1480 sunt
367 1413 543 1481 continuos
565 1409 754 1505 complures
774 1400 862 1480 diesl
880 1426 1108 1507 tempestates,
1120 1436 1195 1507 quaa

122 1529 150 1582 et
166 1530 301 1587 nostros
322 1519 489 1591 incastris
506 1519 736 1604 continerent,
756 1533 791 1585 et
809 1517 941 1586 hostem
956 1542 1101 1613 apugna
1116 1529 1208 1613 pro·'

122 1621 279 1693 biberent.
294 1625 435 1693 Interim
453 1624 587 1695 barbari
607 1626 747 1695 nuncios
769 1625 803 1693 in
825 1649 941 1694 omnes
969 1639 1081 1720 partes
1100 1624 1208 1692 dimi:

123 1744 249 1819 serunt,
264 1732 532 1826 paucitatemque
545 1745 737 1801 nostrorum
754 1730 896 1800 militum
912 1732 978 1800 suis
992 1730 1194 1826 praedicave-

86 1832 90 1842 ’
122 1851 210 1924 runt,
225 1851 262 1915 et
278 1828 403 1931 quanta
418 1837 538 1932 praedae
557 1837 733 1922 faciendae,
751 1853 851 1932 atque
872 1840 1122 1933 inperpetuum
1146 1836 1198 1905 sui

122 1936 278 2013 liberandi
300 1943 439 2015 facultas
457 1944 605 2033 daretur,
617 1946 643 2013 si
659 1946 831 2015 Romanos
847 1947 963 2016 castris
977 1943 1198 2039 expulissent,
1281 1945 1284 1953 '

121 2046 440 2123 demonstraverunt.
464 2052 524 2120 llis
544 2052 645 2121 rebus
665 2049 817 2121 celeriter
845 2076 968 2145 magna
986 2049 1198 2120 multitudine

121 2154 283 2249 peditatus
304 2160 534 2253 equitatusque
552 2173 685 2247 coacta,
701 2157 743 2227 ad
759 2172 867 2227 castra
887 2173 1062 2226 uenerunt.

18 2360 19 2363 Ἴ
167 2266 317 2335 XXXV.
335 2267 462 2352 Caesar,
473 2265 534 2365 etsi
551 2264 656 2353 idem,
667 2264 760 2358 quod
774 2265 1003 2359 superioribus.
1013 2262 1129 2332 diebus
1144 2287 1201 2333 ace

18 2438 19 2447 ,
124 2369 262 2460 ciderat,
275 2371 348 2441 fore
364 2371 516 2460 videbat,
530 2386 587 2459 ut,
598 2373 626 2440 si
643 2382 754 2442 'essent
772 2370 885 2440 hostes
908 2369 1013 2464 pulsi,
1031 2368 1200 2439 celeritate
1237 2403 1240 2412 ·

123 2476 306 2569 periculum
329 2478 533 2573 effugerent3
548 2493 661 2553 tamen
686 2492 805 2549 nactus
832 2478 959 2571 equites
985 2477 1116 2545 circiter
1141 2476 1199 2542 tri·
1305 2509 1313 2521 κ

63 2610 65 2617 ’
124 2583 241 2677 ςίηῑῆῗ,
253 2610 338 2679 quos
361 2588 534 2655 Commius
548 2585 709 2672 Atrebas,
725 2584 768 2653 de
782 2608 850 2677 quo
873 2597 950 2651 ante
971 2582 1098 2650 dictrim
1119 2578 1208 2666 est²,'

126 2714 234 2761 secum
251 2705 554 2787 transportaverat,
566 2689 713 2787 legiones
728 2693 765 2758 in·
782 2691 852 2759 acie
872 2715 936 2785 pro
951 2689 1067 2757 castris
1084 2688 1202 2756 consti·

126 2800 190 2866 tuit.
216 2800 406 2869 Commisso
426 2798 556 2893 praelio,
572 2798 695 2869 diutius
717 2812 912 2869 nostrorum
932 2794 1072 2864 militum
1096 2795 1213 2887 impe·'

123 2974 372 3043 perturbatisnostris.
384 2972 562 3038 Lucan.l.II,
575 2972 641 3043 572,
727 2974 792 3027 Car.
808 2972 926 3027 XXXV.
946 2989 971 3024 1.
987 2970 1090 3042 Equites
1110 2971 1206 3020 circiter

127 3052 229 3109 inducit
260 3050 583 3125 Pompeium'dicentem
608 3050 642 3105 de
687 3056 798 3122 triginta.
808 3052 910 3104 Mirum
918 3051 1041 3116 hoc,nec
1051 3050 1108 3102 sine
1117 3066 1205 3101 exem·

128 3134 227 3188 Cesare
240 3152 247 3186 :
686 3134 741 3205 plo.
756 3131 821 3185 Vid.
831 3131 893 3184 bell.
906 3131 965 3184 afr.
974 3150 998 3183 c.
1015 3133 1042 3183 6.
1054 3129 1205 3182 Hotmanus

128 3212 215 3259 Territa
224 3210 514 3272 quaeblllsoslentlillergn
520 3211 643 3259 Britanni&
687 3232 751 3285 ergo
766 3231 822 3265 non
838 3208 1001 3271 audiendus,
1019 3210 1068 3279 qui
1082 3228 1115 3262 ex
1130 3210 1204 3278 inge.

129 3292 184 3346 Hoc
200 3295 279 3359 loco,
296 3292 390 3346 callide
404 3294 466 3347 satis
480 3294 570 3364 fugam
584 3293 644 3345 velo
688 3293 735 3346 n'io
751 3310 800 3344 suo
813 3290 891 3343 CCC.
905 3291 1031 3360 ponebat.
1042 3288 1152 3341 Groecus
1161 3288 1207 3340 ba·

129 3373 270 3443 pretendit
276 3373 500 3439 officiosonoster‚
505 3371 646 3444 etquidem
689 3372 735 3431 bet
745 3371 888 3441 calmeta.
901 3368 976 3421 Falsa
988 3380 1078 3421 autem
1091 3380 1131 3421 est
1142 3367 1209 3420 Hot-

130 3453 647 3524 speciosisverbis.Generaliterexiguus
689 3451 765 3504 mani
777 3446 937 3502 emendatio.
957 3449 984 3501 Is
999 3447 1073 3499 enim
1087 3465 1209 3500 errorem

132 3532 277 3587 admodum
289 3534 342 3585 fuit
356 3534 436 3603 hujus
446 3533 511 3586 belli
523 3545 647 3597 eventus,
690 3528 777 3585 credit
788 3541 879 3581 ortum
891 3546 924 3579 ex
936 3528 994 3579 doo
1004 3546 1055 3598 pro
1065 3544 1120 3597 quo
1129 3526 1209 3578 libra-

131 3614 240 3667 vanitati
248 3611 339 3678 ducis,
347 3632 427 3684 quam
439 3613 548 3665 utilitati
557 3612 648 3685 reipu·
690 3611 747 3663 rius
760 3607 896 3679 scripserit
910 3608 956 3661 30.
970 3609 1006 3659 At
1017 3606 1046 3658 in
1056 3606 1132 3659 nullo
1147 3604 1209 3659 cod.

132 3694 205 3747 blicae
222 3694 306 3764 magis
321 3692 469 3747 tribuendi.
692 3691 803 3761 antiquo
823 3688 929 3741 numeri
942 3687 1099 3741 scribuntur
1114 3686 1211 3739 litteris

175 3794 200 3826 a.
213 3772 260 3826 Aa
273 3774 442 3827 lacessendum.
456 3772 587 3825 Nonnulli
602 3770 649 3823 ad·
693 3770 819 3834 arabicis,
831 3786 891 3839 quae
903 3786 958 3819 non
974 3765 1210 3819 aGothisetVau-

135 3851 201 3907 dunt
216 3854 321 3915 bostem,
334 3852 391 3906 sine
406 3854 568 3906 necessitate.
694 3849 775 3915 dolis,
784 3862 815 3902 ut
823 3849 882 3902 vult
890 3847 1017 3912 Vossius,
1027 3844 1074 3899 sed
1082 3865 1098 3898 a
1108 3845 1216 3898 Mauris·

176 3934 202 3986 3.
218 3934 271 4003 Qui
282 3944 353 3985 erant
365 3936 390 3985 in
402 3936 469 4003 agris
480 3932 574 4004 reliqui.
588 3930 650 3985 Scil.
694 3931 723 3982 in
748 3929 903 4001 Hispaniam
924 3926 1096 3997 paucioribus
1114 3924 1213 3978 abhinc

135 4012 270 4080 Britanni,
280 4010 419 4084 dequibus
434 4025 495 4065 ante
506 4008 579 4083 (cap.
598 4007 651 4076 32)
695 4010 798 4069 suculis
810 4022 874 4062 sunt
886 4007 979 4062 allatae.
989 4007 1074 4059 Porro
1088 4006 1117 4059 in
1131 4002 1212 4058 oodd.

135 4090 246 4147 dixerat.
696 4102 819 4145 exaratur
842 4106 915 4151 xxx,
932 4085 1007 4158 quod
1031 4086 1107 4140 nullo
1130 4082 1213 4139 modo

149 4188 152 4197 ’
177 4170 357 4236 4..Εοηιὶηυω
366 4174 498 4245 complutus
513 4171 572 4227 dies.
588 4170 655 4227 Sub-
695 4182 784 4242 potest
796 4154 858 4221 crim
872 4185 918 4220 ccc
933 4164 1073 4221 conlundi.

137 4249 198 4303 audi
208 4272 264 4325 per.
742 4269 768 4304 a.
781 4249 881 4303 Dictum
889 4258 933 4301 est.
942 4244 1023 4319 Supr.
1036 4266 1061 4302 c.
1077 4264 1110 4301 21
1125 4259 1153 4300 et
1166 4264 1213 4317 ²7·

943 4340 1012 4424 11³
