3000 5034
247 452 318 519 DE
345 447 518 516 BELLO
546 446 791 516 GALLICO.
821 447 914 515 LIB.
942 450 1008 518 IV.
1103 448 1175 549 159

20 596 21 671 ξ
112 582 261 679 compleri
272 581 384 676 jussit,
395 595 430 649 et
440 604 523 675 quos
534 577 721 649 luboren‘tes
736 595 968 673 conspexerat,
979 582 1017 651 iis
1031 584 1177 655 subsidia

20 736 21 753 .
112 690 325 759 submittebat.
347 689 478 805 Nostri,
490 684 586 755 simul
607 688 641 753 in
661 685 754 754 arido
771 688 1085 776 constiterunt‚suis
1104 717 1175 761 om-

110 797 196 866 nibus
206 795 410 883 consecutis,
422 794 456 861 in
473 793 608 861 hostes'
599 806 761 886 impetum
777 792 927 862 fecerunt
932 808 1054 889 ,atque
1071 822 1128 866 eos
1140 800 1175 867 in

111 902 214 1022 bigam
233 901 412 970 dedemnt·
403 922 536 1029 ,neque
556 897 687 993 longius
703 900 859 993 prosequi
875 914 1073 995 potuerunt,
1084 906 1175 997 quod

110 1010 226 1103 equites
244 1032 380 1077 cursum
398 989 530 1075 ιιιιιιιὅ
541 1018 641 1099 atque
664 1002 805 1094 insulam
827 1029 948 1100 capere
973 1033 1041 1077 non
1058 1025 1176 1104 ponie-

110 1128 182 1183 rant.
204 1118 282 1183 Hoc
297 1136 403 1184 unum
422 1112 465 1181 ad
482 1112 655 1207 pristinam
672 1086 841 1181 fortunam
856 1114 979 1183 Caesari
995 1113 1109 1184 delirit

154 1222 300 1291 XXVII.
320 1223 441 1289 Hostes
456 1218 569 1313 praelio
587 1219 750 1313 superati,
764 1217 860 1287 simul
874 1234 974 1313 atque
989 1244 1023 1288 se
1040 1246 1082 1290 ex
1096 1222 1177 1317 fuga

110 1340 315 1423 receperunt,
329 1327 438 1395 statim
448 1325 492 1394 ad
504 1327 669 1395 Caesarem
681 1324 807 1419 legatos
823 1324 865 1393 de
882 1330 965 1419 pac'e
975 1328 1138 1397 misemnt
1149 1328 1175 1398 ¹:

110 1434 231 1504 obsides
250 1434 404 1521 daturOS,
416 1456 554 1527 quaeque
574 1432 767 1526 imperasset
778 1456 848 1500 sese
864 1430 1027 1521 facturos,
1040 1433 1176 1528 polliciti

110 1556 185 1611 sunt
207 1543 289 1610 Una
308 1539 452 1609 cumbis
469 1538 584 1634 legatis
605 1539 777 1607 Commius
794 1537 935 1617 Atrebas
949 1540 1056 1626 venit,
1074 1566 1175 1633 quem

110 1670 201 1742 supra
207 1645 947 1716 'demonstraveramaCaesareinBritanniam
957 1649 1174 1739 praemissum.

110 1754 199 1824 Hunc
220 1753 302 1823 illie
325 1754 402 1821 navi
421 1776 607 1847 egressum,
619 1776 723 1883 quum
749 1750 794 1819 ad
823 1776 880 1820 eos
906 1753 1047 1823 oratoris
1073 1753 1175 1822 modo

109 1859 472 1955 imperatorrsmendotn
482 1844 674 1953 perferret
687 1858 1020 1953 comprehenderant,
1028 1862 1175 1978 atquem

110 1964 233 2035 vincula
250 1968 482 2086 conjecerant.
497 1980 569 2034 tum
575 1964 712 2085 ,praelio
733 1964 838 2053 fecto,
852 1964 1067 2054 remiserunt,
1087 1980 1122 2034 et
1139 1967 1174 2034 in

109 2073 244 2165 petenda
263 2098 346 2168 pace
372 2073 442 2165 ejus
467 2074 514 2141 rei
542 2070 711 2167 culpem
703 2096 737 2139 ιιι
760 2070 1005 2140 multitudinem
1026 2019 1175 2141 cdntule-

109 2167 197 2247 ιιιιιι4
199 2194 249 2268 et
259 2193 397 2275 propter
408 2178 664 2273 imprudentiam
675 2191 713 2246 ut
725 2193 963 2274 ignosceretur,
975 2192 1173 2272 petiverunt
1262 2186 1266 2194 '

109 2233 213 2354 Caesai
213 2301 369 2417 questus
392 2284 499 2380 quod,
515 2309 618 2380 quum
639 2284 762 2353 ιιιιιο
753 2310 788 2352 m
814 2285 1038 2353 continentem
1060 2284 1175 2380 legatis

109 2378 224 2462 missis⁵
236 2418 354 2487 pacem
375 2392 416 2461 ab
438 2416 473 2463 se
496 2393 671 2488 petissent,
683 2388 855 2459 bellum
830 2414 900 2459 sine
926 2414 1025 2460 causa
1047 2390 1175 2459 intulis-

110 2512 176 2566 sent
180 2500 375 2595 ,ignoscere
391 2498 620 2593 imprudentiae
646 2497 727 2566 dixit
733 2495 987 2590 ,obsidesque
978 2497 1172 2590 rmperavit:

109 2628 244 2697 quorum
264 2604 312 2675 illi
337 2620 466 2700 partem
492 2606 603 2675 statim
628 2550 807 2692 dederimt,
825 2616 971 2697 partem,
984 2626 1025 2671 ex
1045 2600 1174 2697 longin-

110 2713 270 2803 quioribus
290 2712 371 2781 locis
386 2713 593 2799 arcessitam,
604 2710 718 2805 paucis
730 2709 846 2778 diebus
858 2732 929 2777 sese
939 2707 1076 2777 daturos
1089 2708 1175 2777 dixe·

110 2833 188 2887 runt
204 2822 338 2888 Interea
355 2843 432 2888 suos
445 2819 625 2913 remigrare
641 2818 676 2885 in
687 2840 785 2911 agros
796 2817 983 2911 jussemnt3
994 2815 1174 2910 principes-

18 3042 19 3055 .
109 3013 191 3069 granu
210 3014 236 3054 et
246 3004 330 3071 furtes.
352 3002 444 3055 Nautae
466 3020 558 3073 quoque
575 3000 618 3051 ‘uel
658 3018 711 3070 que
724 2998 758 3051 ad
773 2998 907 3051 Aldinam.
930 2999 1100 3052 Recentiores
1117 3000 1174 3053 haec

111 3082 186 3145 milites
205 3095 318 3134 venetam
340 3093 429 3133 ‘restem
451 3080 565 3142 induunt,
589 3091 617 3130 ut
657 3079 1042 3150 verbsoratorismodoglossam
1052 3078 1173 3132 redolere

110 3178 151 3211 uon
162 3163 236 3215 solum
247 3183 294 3234 per
306 3174 412 3223 noctem,
429 3160 558 3211 sedetiam
570 3180 616 3230 per
658 3159 778 3211 arbitrati
795 3156 968 3230 expungenda
983 3172 1127 3223 curarunt,
1140 3179 1174 3211 eo

110 3238 164 3293 diem
170 3244 273 3310 facilius
286 3244 378 3294 lateant
390 3240 559 3311 exploratores.
658 3239 721 3290 freti
740 3240 869 3303 consilio,
881 3236 954 3309 quod
969 3257 1107 3308 nunquam
1124 3240 1174 3291 ista

146 3322 170 3375 ⁵.
183 3324 286 3395 Equites
299 3314 616 3389 cursumtenere.1ntellige
658 3316 794 3370 locutione
805 3319 922 3389 legatum
941 3315 1094 3387 designante
1109 3337 1173 3370 usus

111 3401 203 3471 equites
211 3421 280 3473 quos
287 3403 374 3455 Caesar
378 3404 490 3473 jusserat
497 3417 523 3451 se
531 3399 615 3469 sequi,
658 3398 701 3450 sit.
712 3399 747 3449 At
757 3415 834 3467 grec.
845 3397 975 3467 interpres
984 3396 1065 3449 babet
1072 3416 1079 3449 :
1087 3397 1121 3449 τὰ
1129 3402 1174 3449 τοῦ

111 3496 131 3529 c.
145 3480 187 3533 ι3.
198 3482 222 3535 Ii
231 3482 337 3535 fuerant
345 3492 500 3553 tempestate
509 3476 615 3549 dejecti,
658 3477 784 3547 Καίσαρος
792 3475 937 3546 ἐντάλματα
944 3479 976 3535 ὡς
983 3474 1175 3544 reptabunda·

112 3571 137 3611 ut
150 3580 208 3613 mox
222 3561 342 3627 videbis,
358 3578 415 3632 cap.
429 3564 474 3614 28.
658 3568 730 3609 terea
741 3554 802 3608 broc
814 3553 912 3607 addere
925 3556 1014 3626 potuit
1025 3556 1128 3621 Caesar,
1141 3570 1173 3609 ut

146 3640 207 3694 Cur.
220 3640 338 3694 XXVII.
358 3658 383 3693 ι.
394 3642 499 3709 legatos
516 3639 547 3689 de
555 3656 617 3708 pace
658 3637 755 3689 clarius
764 3635 1173 3707 pateretjnsgentinmabritan·

112 3720 222 3773 miserunt.
240 3722 362 3773 Morinos
381 3721 435 3772 scil.
456 3718 616 3790 quibuscum
658 3717 701 3769 nis
711 3716 740 3768 in
750 3735 783 3769 eo
791 3713 934 3769 vinciendo
943 3715 1072 3769 violatum
1082 3716 1172 3768 fnisse.

111 3796 223 3852 Britanni
235 3802 350 3852 amicitia
358 3802 413 3871 jam
424 3796 529 3871 pridem
541 3810 617 3851 erant
659 3796 751 3849 Nostri
762 3794 842 3849 codd.
849 3796 961 3861 babent,
970 3796 1171 3847 ethanclectio·

109 3876 201 3943 juncti,
213 3893 243 3933 ut
255 3882 337 3933 refert
350 3881 410 3932 Dio.
422 3898 516 3943 xxxix,
528 3879 574 3931 51.
658 3894 721 3929 nem
732 3878 801 3931 bene
815 3876 932 3929 restituit
951 3876 1072 3928 Oberlin.
1172 3896 1176 3903 ·

151 3976 174 4010 ι.
187 3958 275 4030 Supra.
287 3979 312 4013 c
327 3979 374 4013 ιι
385 3960 511 4043 Utrumq.
526 3959 616 4010 locum
700 3962 727 4019 4.
745 3954 911 4009 conruunt.
925 3957 966 4008 Al.
979 3958 1135 4026 conjecerunt.

113 4038 207 4104 confer„
700 4036 727 4089 5.
744 4036 908 4106 Ultrolegan's
918 4040 995 4087 ιιιιιιιι
1004 4036 1070 4107 Cep.
1079 4054 1173 4087 21.-

151 4116 173 4170 3.
190 4119 303 4171 Oratoris
320 4118 415 4169 modo
406 4138 487 4189 rmper.
502 4116 616 4169 mandata
661 4112 833 4170 Contureutem.
847 4116 916 4167 Nam
932 4114 1019 4168 Gallia
1033 4116 1172 4168 continens
1219 4113 1225 4123 ‘

111 4198 172 4261 pers
172 4211 226 4251 rrer.
239 4200 280 4251 Ita
294 4196 372 4252 codd.
383 4212 411 4251 et
422 4195 484 4251 edd.
495 4208 559 4249 vett.
571 4216 615 4249 us·
658 4208 710 4261 est,
725 4209 847 4267 respectu
858 4196 1009 4249 Britanniae.
