3000 5034
221 458 290 527 DE
316 455 493 525 BELLO
521 454 774 523 GALLICO.
804 456 902 529 LIB.
931 458 998 527 vl.
1086 458 1179 556 287,

143 590 263 660 LXIV.
282 586 355 657 Tali
368 586 471 657 modo
484 586 620 657 vastatis
634 585 844 683 regionibus,
856 590 1037 659 exercitum
1051 592 1165 661 Caesar
1222 660 1226 675 ,

99 696 230 766 duamur
245 696 437 767 cohortium
452 690 597 764 damno¹
615 694 886 764 Durocortorum
906 698 1091 766 Remorum
1112 722 1164 767 re·

98 802 199 893 ducit,
220 800 426 896 concilioque
440 802 476 870 in
490 826 568 869 eum
586 797 698 871 locum
719 800 836 871 Galliae
857 801 1003 890 indicto,
1023 803 1065 873 de
1082 828 1163 873 eon·

95 911 248 1004 juratione
262 911 433 979 Senonum
449 921 483 978 et
498 908 687 977 Carnutuln
701 900 917 1003 quaestionein
934 909 1057 979 habere
1071 911 1163 980 insti·

98 1017 152 1087 tuit
165 1044 175 1107 ;
190 1032 224 1087 et
248 1017 291 1086 dc
318 1017 452 1087 Accone
469 1012 492 1104 ²,
513 1015 571 1111 qui
596 1016 753 1111 princeps
780 1017 851 1110 ejus
877 1016 1005 1087 consilii
1031 1017 1164 1108 suerat,

97 1127 238 1219 graviore
265 1124 428 1193 sententia
445 1123 687 1217 pronunciata,
708 1148 803 1192 more
826 1109 1016 1219 majorum³
1038 1121 1165 1219 suppli·

96 1231 173 1299 cium
195 1231 346 1325 sumpsit.
373 1227 557 1317 Nonnulli,
582 1228 745 1323 judicium
758 1230 893 1318 meriti,
913 1229 1163 1326 profligerunt:

96 1338 203 1430 quibus
211 1363 317 1433 quum
332 1360 419 1431 aqua
437 1350 537 1430 atque
554 1336 624 1430 igni
637 1335 862 1407 interdixisset
871 1320 896 1426 ⁴,
911 1338 946 1405 II
959 1336 1106 1433 legiones
1119 1335 1163 1405 ad

97 1442 168 1513 ines
182 1446 399 1514 Trevirorum
411 1497 421 1531 ,
434 1445 470 1512 ΙΙ
484 1445 520 1511 in
539 1442 767 1538 Lingonibus,
782 1446 832 1513 VI
850 1441 993 1537 reliquas
1009 1446 1044 1512 in
1060 1446 1165 1513 Seno·

90 1573 165 1621 num
181 1551 305 1621 linibus
321 1550 483 1645 Agendici
499 1550 535 1619 in
553 1548 701 1618 hibernis
717 1547 914 1637 collocavit3
930 1549 1166 1643 frumentoque

96 1660 230 1729 exercitu
251 1659 403 1754 proviso,
418 1672 458 1727 ut
477 1657 685 1746 instituerat,
706 1657 742 1725 in
764 1655 895 1727 Italiam
915 1657 957 1726 ad
979 1671 1166 1727 conventus

96 1750 252 1858 agendos⁵
268 1763 440 1859 proiectus
458 1778 518 1835 est.

97 1954 604 2024 tm,essitvn,autsateibm.1tomnstlvis
648 1956 780 2029 interpres
788 1954 869 2009 habet
881 1974 888 2011 ι
899 1957 967 2011 κατὰ
978 1957 1007 2009 τὸ
1016 1958 1061 2019 τῆς
1072 1956 1167 2017 sotem

97 2038 203 2108 eglom.
213 2038 312 2091 Noster
319 2038 352 2090 R.
360 2033 429 2091 cod.
440 2035 604 2107 5763,th
648 2038 749 2108 ἀρχαῖον
761 2032 828 2098 ἦθος.

96 2133 176 2171 vocem
185 2137 245 2172 non
258 2118 348 2171 hebet.
364 2115 430 2169 Ideo
439 2116 588 2188 reJ'ecimus.
690 2123 718 2181 4.
736 2116 813 2189 Aqua
828 2127 899 2189 atque
922 2118 975 2186 igni
996 2116 1166 2171 interdixisset.

129 2197 189 2253 cn».
202 2198 303 2253 mv,
314 2215 339 2250 1.
354 2196 605 2251 Duarrvecolortimn
649 2196 780 2250 Solemnis
796 2208 874 2269 utque
892 2195 1018 2267 frequens
1037 2196 1167 2263 formula,

96 2276 180 2333 denno.
200 2278 263 2331 Scil.
280 2277 374 2331 occisis
388 2275 493 2330 duabus
506 2276 605 2329 cohor·
649 2294 702 2348 que
710 2274 894 2347 designaretur
901 2275 1067 2343 exilinmneu
1076 2277 1167 2349 potius

97 2357 181 2413 tibure
200 2357 353 2411 sicambris.
649 2355 854 2427 proscriptionis
861 2354 970 2427 aliquod
977 2357 1169 2428 genuslnlrac

132 2459 154 2493 2.
169 2441 213 2492 De
227 2437 335 2491 Accone.
351 2434 416 2489 vid.
438 2452 518 2507 supra
538 2452 561 2488 e.
577 2441 604 2498 4.
650 2436 767 2488 formula
777 2436 936 2507 plerumque
946 2437 1046 2491 rectius
1057 2435 1168 2490 adhibe-

131 2520 154 2572 3.
176 2519 251 2573 More
278 2520 402 2588 majorum,
426 2515 547 2569 Dubium
571 2533 606 2567 nn
649 2527 794 2569 tursextus
810 2532 979 2587 casuszaqua
994 2528 1019 2568 et
1033 2519 1169 2586 igniinten·

97 2615 161 2653 nore
172 2599 334 2664 Gallorum,
345 2616 379 2650 en
388 2615 464 2650 more
475 2596 608 2648 Romano-
650 2596 736 2651 dicere.
751 2589 823 2649 Citet
838 2607 927 2648 tamen
943 2595 1064 2649 Sanctius
1077 2597 1168 2649 locum

97 2679 167 2733 ruini
183 2680 265 2732 More
283 2679 468 2730 Romanorum
483 2672 606 2729 credide·
650 2695 665 2729 e
681 2676 812 2729 Cicerone
827 2693 878 2748 pro
891 2676 980 2729 Domo
996 2694 1058 2741 sun,
1074 2694 1098 2728 c.
1117 2677 1167 2729 18:

97 2758 141 2811 rim
155 2779 162 2815 ε
174 2756 253 2832 quod
270 2776 354 2829 genus
376 2756 501 2830 supplicii
525 2756 608 2809 refert
654 2756 690 2809 Ut
703 2756 741 2809 Μ.
763 2756 846 2809 Tullio
866 2775 930 2827 aqua
950 2767 975 2807 et
989 2760 1053 2827 ignis
1069 2757 1170 2807 interdi-

97 2835 159 2893 Suet.
168 2841 201 2893 in
212 2838 335 2901 Nerone,
350 2856 408 2909 cap.
426 2843 483 2907 49:
499 2836 608 2889 solitum
651 2849 729 2889 catur.
746 2835 782 2888 Et
796 2834 967 2902 Lactantius,
980 2836 999 2890 l.
1013 2854 1118 2909 11,cap.
1133 2852 1167 2905 9:

98 2928 153 2973 tunc
166 2919 228 2971 nudi
243 2913 464 2978 lominisceroice'm
473 2918 607 2985 inserifisr·
651 2915 787 2969 Eaesuir'bus
800 2934 891 2989 quoque
907 2920 972 2988 ignis
983 2929 1008 2969 et
1019 2936 1084 2989 aqua
1099 2920 1171 2969 inter·

97 2982 606 3073 cmcorprusuirgisudnocenicoedi.Ejusd.
652 2996 703 3048 dici
716 2995 816 3049 solebat.

97 3080 213 3151 supplicii
227 3079 353 3134 meminit
369 3067 491 3143 Hirtius,
503 3077 522 3129 l.
536 3094 608 3141 vm,
695 3077 721 3129 5.
730 3076 778 3129 Ad
782 3088 908 3131 conventus
916 3076 1031 3147 agendos.
1038 3075 1104 3131 vid.
1112 3096 1170 3149 sup.

98 3174 117 3211 e.
129 3160 171 3227 tu,
183 3156 408 3215 uhideGutruau‘
416 3155 607 3229 peninum.
652 3154 670 3208 l.
685 3174 720 3221 v,
734 3176 758 3209 c.
778 3173 809 3223 ις
823 3168 850 3211 et
862 3157 911 3211 inl.
925 3158 986 3213 Lib.
996 3174 1054 3225 vn,
1067 3176 1091 3209 c·
1111 3176 1134 3210 1.
